2498 4254
325 109 421 185 DE
470 40 924 190 ORATIONE.
1078 116 1153 209 243

89 283 184 367 quot
205 271 248 347 ad
268 271 630 366 virtutesimpellat,
654 273 877 366 experientia
893 285 1037 347 norunt
1054 274 1080 347 ii
1095 273 1158 367 qui

88 372 249 445 orationi
273 370 309 445 se
328 369 455 446 allidue
483 370 708 447 dediderunt.
759 371 794 443 Si
821 372 919 445 enim
944 372 1084 446 cordati
1108 372 1156 462 sag

85 472 295 568 pietatisque
319 471 388 544 viri
407 470 590 549 recordari
614 472 761 564 ejusque
779 467 934 564 speciem
957 488 1081 546 mente
1102 492 1156 547 re·

86 572 267 662 volvere,
302 573 533 653 emulatione
555 590 626 643 nos
645 584 853 664 prouocat,
880 570 1096 663 nostrosque
1116 574 1164 663 in¹

87 669 271 745 deteriora
297 671 454 764 impetus
475 668 566 762 saepe
588 668 765 743 retardat:
783 675 1055 767 quantomagis
1080 671 1155 745 Dei

87 771 252 843 omnium
276 770 435 862 parentis
458 770 618 856 orationi
644 766 836 862 conjuncta
860 771 1067 843 recordatio
1088 791 1155 844 eoa

88 868 236 959 adjuvat
258 871 318 959 qui
338 865 401 942 srbi
422 865 656 961 persuaserint
679 867 843 964 prasenti
865 869 901 945 se
928 891 969 944 ae
994 868 1156 957 audienti

87 965 175 1042 Deo
195 968 229 1041 oa
251 967 385 1042 adstare
409 968 442 1040 ta
467 969 580 1059 loqui.

162 1089 196 1163 9.
223 1068 371 1142 Verum*
390 1088 432 1141 ea
463 1089 540 1157 quae
568 1065 658 1143 diua
686 1068 790 1159 sunt,
816 1067 947 1140 divinis
972 1062 1154 1162 scripturia'

88 1167 278 1263 probanda
297 1167 379 1241 sunt
397 1168 471 1239 hoc
492 1167 627 1240 modo:
654 1179 807 1261 oportet
834 1179 998 1240 orantem
1031 1171 1154 1241 levare

87 1287 196 1362 puras
212 1287 359 1359 manus,
385 1279 554 1360 acceptas
571 1269 739 1341 omnibus
757 1268 901 1361 iniurias
918 1267 1155 1361 remittendo,

48 1404 51 1409 ,
90 1385 311 1458 omnemque
332 1387 377 1439 ex
404 1366 525 1440 animo
543 1371 594 1439 ita
616 1368 928 1460 perturbationem
952 1366 1156 1460 ejiciendo,

88 1477 134 1538 ut
160 1468 294 1539 nemini
317 1465 360 1539 srt
375 1466 496 1541 iratur.
547 1467 639 1541 ltenr
658 1489 706 1541 ne
726 1467 851 1541 alienia
872 1468 1155 1563 cogitationibus

88 1585 193 1640 mens
211 1562 444 1657 obfuscetur,
471 1578 623 1659 oportet
645 1566 820 1640 orationis
841 1579 1008 1658 tempore
1028 1586 1155 1639 eorum

88 1665 253 1739 omnium
267 1662 432 1739 oblivisci
452 1685 529 1754 quaa
543 1667 586 1739 ab
601 1668 769 1738 oratione
789 1666 905 1738 aliena
916 1663 1020 1739 sunt·
1034 1667 1155 1762 Quem

90 1764 199 1837 animi
217 1761 345 1839 statum
364 1765 442 1855 quis
456 1764 599 1837 dubitet
619 1760 851 1839 felicisimum
870 1762 958 1841 else,
986 1780 1027 1835 ut
1044 1773 1157 1837 docet

89 1859 220 1935 Paulus
240 1865 278 1935 in
294 1865 407 1958 prima
424 1862 467 1935 ad
476 1862 518 1943 J
518 1864 721 1939 imotheum
738 1862 888 1956 epistola
904 1863 1046 1936 dicens:
1079 1869 1117 1936 V
1140 1888 1156 1933 a

91 1986 161 2056 ergo
176 1959 264 2034 viros
287 1968 433 2035 artreio
456 1967 542 2034 omni
561 1964 647 2050 loco,
672 1968 815 2035 lavantes
837 1984 936 2058 puras
961 1988 1072 2033 marrus
1139 1984 1157 2037 a

92 2064 145 2133 ir'a
162 2059 201 2139 (5
215 2062 445 2158 disceptatione.
483 2061 676 2136 Mulierem
691 2077 884 2156 preterea,
908 2065 1061 2137 maxime
1074 2082 1157 2139 cum

90 2174 197 2256 orat,
224 2175 376 2256 oportet
396 2163 633 2254 composrtam
655 2162 688 2237 u
707 2176 870 2236 ornatam
890 2156 960 2235 esse
982 2163 1103 2235 animo
1122 2160 1157 2243 u,

90 2274 265 2355 corpore,
292 2278 414 2356 atque,
440 2264 821 2356 imprimeremur,
847 2261 969 2335 Deum
980 2262 1185 2354 revereri„

90 2381 136 2433 ac
152 2381 298 2435 omnem
317 2365 617 2457 intemperantem
634 2362 918 2454 muliebremque
935 2361 1158 2435 recordatio·

89 2479 177 2534 nem
192 2483 237 2534 ex
250 2463 374 2535 animae
391 2463 570 2557 precipua
580 2477 681 2556 parte
701 2463 899 2555 expellere:
927 2463 1047 2534 ornari
1065 2479 1157 2535 vero

89 2578 170 2635 non
190 2561 227 2632 in
250 2563 355 2634 tortis
371 2564 529 2635 crinibus
549 2554 582 2636 dt
600 2583 688 2635 auro
708 2559 741 2632 u
763 2563 958 2657 margaritis
976 2574 1037 2633 aut
1055 2558 1157 2641 veste

89 2659 271 2755 pretiosa,
296 2658 356 2733 sed
376 2662 504 2751 quibus
529 2660 638 2735 decet
662 2660 850 2735 mulierem
875 2661 1049 2755 pietatem
1071 2679 1158 2753 pro·

91 2760 298 2833 mittentem
312 2762 444 2835 ornari.
494 2758 614 2833 Miror
630 2759 793 2833 autemll
816 2761 895 2851 quis
916 2759 1058 2833 dubitet
1076 2760 1159 2865 bea·

90 2868 165 2931 tam
183 2859 244 2934 vel
264 2879 308 2931 ex
329 2861 390 2931 illa
402 2857 477 2931 sola
493 2861 625 2932 mentis
644 2858 854 2933 habitudine
872 2856 1066 2952 praedicare
1082 2878 1157 2931 mu·
1204 2880 1209 2889 ¹

90 2957 217 3032 lierem
236 2978 313 3050 quae
331 2956 367 3031 se
390 2960 498 3031 talem
522 2957 564 3030 ad
583 2961 789 3033 orationem
808 2958 1032 3033 exhibuerit:
1058 2958 1158 3051 quod

90 3057 132 3135 in
150 3057 276 3132 eadem
293 3055 444 3152 epistola
467 3057 596 3131 docuit
612 3056 742 3132 Paulus
757 3058 813 3131 his
831 3057 971 3133 verbis:
996 3059 1157 3133 Similiter

91 3154 133 3233 (θ’
149 3161 292 3247 mulieres
310 3156 474 3229 inhabita
495 3174 609 3230 ornato
628 3183 698 3229 cum
716 3159 907 3231 uerecundia
930 3155 969 3235 (5
987 3157 1158 3246 sobrietate

90 3259 294 3348 ornanterse
304 3311 315 3346 ,
340 3278 407 3329 nort
426 3262 463 3328 in
484 3261 579 3331 tortis
596 3258 738 3333 crinibus
753 3275 811 3330 aut
825 3282 903 3331 auro
918 3255 956 3335 dt
972 3254 1157 3355 margaritis

91 3356 133 3435 (5
145 3359 227 3457 vesle
243 3359 400 3455 pretiosa:
419 3358 476 3447 scd
489 3360 568 3457 quod
588 3360 670 3431 decet
692 3360 836 3432 mulieres
853 3362 1074 3456 promittentes
1090 3363 1157 3457 pit·

92 3474 193 3533 ratem
209 3480 264 3554 per
282 3460 360 3529 bona
381 3479 481 3553 opera.
534 3460 637 3556 Quin
659 3458 693 3531 ἀ
715 3458 835 3532 David
850 3459 1030 3557 propheta
1043 3461 1157 3536 multa

93 3559 163 3632 alia
183 3558 271 3632 dicit
290 3558 423 3633 habere
442 3556 597 3655 santium
620 3561 737 3635 virum
762 3573 945 3633 orantem:
981 3579 1058 3650 quae
1078 3580 1156 3635 non

92 3661 305 3751 importune
315 3679 550 3753 apponemus,
575 3680 649 3752 quo
662 3660 769 3757 magis
782 3658 1157 3754 appareatuaitiffimua

93 3757 187 3852 etia,
214 3761 276 3833 vel
290 3757 316 3833 fr
329 3757 425 3834 solua
441 3756 556 3838 adesse
570 3761 813 3861 intelligatur,
836 3759 979 3835 habitus
996 3758 1157 3934 &dadon-

944 3882 947 3887 ·
974 3878 1019 3934 an
1045 3879 1105 3937 um
