2498 4254
126 124 178 221 ge
397 96 867 241 forratura

127 300 207 381 qua
225 272 436 351 resurretio
452 275 490 349 in
505 275 669 370 ipla'Dei
690 279 884 374 sapientia,
920 280 956 353 u
972 270 1124 376 verboi,
1150 302 1193 358 ac

126 382 205 455 vita
219 375 434 477 consrsteret.
485 376 581 450 'l'utn
597 378 724 454 deinde
746 382 913 472 quoniam
933 381 1096 455 futurum
1116 382 1197 455 erati
1231 386 1239 466 ἶ

27 566 30 571 .
126 495 170 557 ut
183 478 290 573 aliqui
308 498 353 550 ex
368 476 421 549 his
436 477 496 569 qui
512 479 622 549 creati
641 477 743 571 sunt,
765 500 834 571 pro
852 502 898 552 eo
917 481 1015 573 quod
1035 502 1115 557 non
1131 502 1194 555 na·-
1230 486 1239 559 l

120 581 311 670 totaliter,
336 577 373 649 id
387 575 437 649 est
453 575 723 651 substantialiter
741 578 866 652 inellet
882 576 1108 674 eis'bonum,
1134 578 1193 657 set
1231 601 1239 687 p

126 679 318 767 accidens,
349 696 424 748 non
451 678 619 750 volentes
645 679 964 774 inconvertibiles,
999 680 1194 755 &inmm-
1233 714 1239 747 ι

42 860 50 880 ,
125 778 314 857 mutabiles
340 774 474 870 semper
499 797 733 871 permanere,
768 800 810 850 ac
835 776 979 872 semper·
994 779 1032 851 in
1057 780 1196 855 eisdent·
1217 753 1239 884 l

125 880 233 956 bonis
250 897 349 968 aequa
367 896 409 947 ac
428 879 614 951 moderata
636 879 826 951 libratione
850 878 999 974 durare,
1025 876 1084 951 sed
1105 900 1193 952 con⁴
1234 885 1239 935 ἲ

126 977 220 1053 versi
236 993 342 1067 atque
356 979 483 1050 mutati
501 978 545 1050 de
558 977 649 1050 statu
668 977 730 1051 suo
746 977 978 1071 deciderent,
1003 977 1065 1050 via
1078 977 1192 1053 fattus
1236 1033 1239 1061 2

41 1096 44 1101 ·
125 1077 179 1154 est
199 1079 350 1151 verbum
376 1074 446 1149 Dei
469 1076 699 1170 &sapientia
758 1080 849 1178 Quae
868 1077 929 1149 via
946 1076 1085 1149 idcirco
1107 1076 1193 1151 dici·
1237 1082 1239 1087 '

126 1191 210 1270 tur,
236 1175 334 1269 quod
351 1173 394 1246 ad
407 1189 545 1270 patrem
560 1178 668 1248 ducat
685 1198 749 1250 eos
766 1174 825 1269 qui
840 1195 994 1270 peream
1007 1176 1191 1253 incedunt.

127 1282 361 1379 Quaecunque
382 1297 469 1374 ergo
487 1277 636 1350 diximus
652 1275 695 1348 de
710 1276 877 1369 sapientia
892 1276 987 1370 Dei,
1013 1275 1090 1349 haec
1106 1298 1192 1351 cou-

125 1377 318 1449 venienter
340 1378 556 1468 aptabuntur
578 1376 612 1450 ἀ
638 1377 883 1471 intelligentur
910 1376 1015 1449 etiam
1047 1394 1118 1469 pro
1144 1396 1192 1449 eo

127 1475 227 1568 quod
243 1471 335 1546 lilius
350 1474 422 1548 Dei
438 1478 516 1549 vita
534 1475 605 1569 est,
632 1474 667 1547 δι
687 1496 756 1568 pro
774 1498 821 1548 eo
841 1475 941 1567 quod
958 1477 1112 1548 verbum
1127 1474 1192 1571 est,
1219 1459 1239 1583 ⁴

126 1575 243 1669 &pro
258 1595 304 1645 eo
322 1576 419 1665 quod
436 1576 569 1647 veritas
586 1573 656 1666 est,
683 1574 798 1668 &pro
812 1596 858 1647 eo
873 1574 971 1667 quod
982 1572 1197 1649 resurretlio'

126 1673 195 1749 est:
222 1673 304 1765 quia
316 1674 371 1748 hae
388 1696 513 1748 omnes
529 1673 786 1768 appellationes
803 1674 1032 1766 exoperibus
1052 1674 1128 1765 ejus
1149 1694 1193 1747 ac

124 1775 321 1848 virtutibus
336 1774 527 1849 nominatae
546 1774 652 1867 sunt,
679 1774 763 1846 &in
780 1774 876 1845 nulla
890 1774 1015 1846 harum
1035 1775 1099 1847 vel
1116 1772 1199 1847 levi·

126 1874 303 1968 opinione
323 1875 472 1970 intelligi
495 1873 686 1967 corporale
703 1872 834 1965 aliquid
848 1872 988 1967 potest,
1016 1872 1116 1965 quod
1130 1874 1193 1947 vel

124 1972 404 2069 magnitudinem
429 1974 606 2071 defignare
628 1972 818 2065 videatur,
843 1974 906 2045 vel
922 1973 1103 2066 habitum,
1129 1973 1193 2045 vel

127 2076 308 2147 colorem:
336 2077 503 2165 quoniam
510 2075 547 2147 hi
563 2078 623 2165 qui
632 2074 803 2145 videntur
816 2072 908 2164 apud
922 2093 990 2144 nos
1005 2070 1199 2149 bominum·

123 2170 213 2263 filii,
241 2174 301 2244 vel
318 2188 530 2246 caeterorum
552 2172 773 2265 animalium,
798 2170 918 2244 semini
939 2190 1100 2243 eoruma
1118 2171 1201 2264 qui·¹

124 2271 194 2347 bus
212 2268 371 2343 seminati
391 2269 472 2343 sunt
495 2269 740 2364 respondent,
767 2272 829 2342 vel
845 2291 964 2343 earum
983 2290 1135 2361 ¹quatum
1154 2271 1200 2345 in

125 2380 236 2443 utero
256 2369 459 2443 formantur
481 2389 523 2442 ac
537 2372 765 2462 nutriuntur,
797 2370 932 2442 habent
954 2368 1000 2465 eir
1020 2370 1073 2441 his
1094 2370 1194 2461 quid·

127 2468 213 2562 quid
228 2469 315 2542 illud
335 2468 500 2566 estquod
518 2469 553 2541 in
569 2471 686 2543 lucem
704 2471 796 2543 hanc
813 2467 1007 2562 affitmun‘t,
1033 2490 1076 2540 ac
1096 2468 1196 2543 defe-

124 2580 211 2645 runt
242 2568 449 2663 proceliuri.
498 2568 686 2643 Infandum
713 2584 830 2641 autern
856 2567 906 2641 est
939 2572 973 2641 dt
1003 2568 1193 2665 illicitum,

123 2665 245 2744 Deum
260 2682 397 2763 patrem
407 2669 443 2741 in
459 2668 693 2765 generatione
705 2666 878 2767 unigeniti
894 2664 956 2740 filii
970 2665 1021 2740 sui
1035 2682 1144 2761 atque
1153 2670 1196 2743 in
1212 2746 1218 2759 ,

123 2764 342 2845 subustentia
364 2769 439 2862 ejus
475 2787 661 2860 exaequare
692 2768 795 2840 alicui
822 2769 882 2840 vel
908 2768 1092 2841 hominum
1127 2766 1214 2843 vel-

123 2868 276 2942 aliorum
295 2867 521 2941 animantium
536 2866 744 2965 generanti:
770 2867 828 2941 sed
840 2865 979 2940 necelie
992 2867 1043 2939 est
1059 2864 1201 2959 aliquid

40 3052 44 3057 ,
123 2983 318 3062 exceptum
335 2966 404 3043 elle
416 2968 574 3059 Deoque
592 2967 735 3062 dignum
751 2969 807 3040 cui
819 2969 917 3040 nulla
932 2964 1076 3060 prorsus
1092 2988 1197 3042 com-

121 3070 263 3163 paratio
286 3090 363 3140 non
386 3070 424 3141 in
448 3068 556 3141 rebus
580 3063 717 3160 solum,
749 3064 809 3140 sed
833 3086 880 3140 ne
904 3067 941 3139 in
967 3068 1196 3162 cogitatione

122 3166 285 3259 quidem,
311 3170 373 3241 vel
389 3164 487 3240 sensu
500 3167 652 3238 inveniri
665 3166 805 3260 potest,
831 3182 873 3238 ut
887 3167 1039 3239 humana
1055 3169 1195 3265 cogita·

123 3266 180 3339 tio
199 3267 303 3359 poliat
326 3266 592 3361 apprehendere
611 3267 797 3358 quomodo
814 3266 993 3362 ingenitus
1013 3266 1116 3339 Deus
1129 3286 1228 3361 par-t

121 3375 181 3438 ter
195 3362 345 3439 efficitur
364 3367 537 3462 unigeniti
555 3360 630 3441 filii.
680 3364 741 3439 Est
757 3386 910 3457 namque
929 3365 980 3437 ita
998 3378 1132 3440 aeterna
1148 3386 1200 3441 ac·

120 3464 333 3557 sempiterna
349 3467 533 3561 generatio
547 3462 636 3537 src'ut
647 3462 813 3560 splendor
823 3479 1014 3563 generatur
1031 3488 1077 3537 ex
1094 3470 1193 3543 luce.

121 3560 214 3643 Non
230 3564 325 3638 enim
348 3585 413 3660 per
428 3564 662 3658 adoptionem
683 3560 935 3663 spiritualibus
955 3561 998 3639 fit
1018 3565 1193 3641 extrinse-

122 3680 208 3762 cus,
233 3662 293 3740 sed
308 3679 436 3741 natura
452 3661 546 3742 filius
565 3663 627 3740 est.

1024 3887 1060 3959 5.
1072 3865 1140 3942 Vi·
1207 3898 1213 3913 ¹
