2498 4254
244 159 336 240 ,ωε
383 158 725 258 irruemus,
774 158 877 255 trra
904 113 1005 243 ru*
1078 136 1185 278 395'

85 323 235 400 iterum:
263 328 366 398 Nunc
381 333 489 397 animo
505 350 570 397 mea
585 326 718 397 turbata
729 323 778 419 est.
827 313 959 418 Neque
974 325 1068 401 enim
1087 329 1152 402 trt'·

85 423 147 502 stis
170 425 203 495 δι
226 428 370 498 turbata
392 425 508 520 anima
532 427 685 501 verbum
711 425 782 499 Dei
805 424 1075 524 intelligendum
1097 426 1151 505 est

88 525 187 619 quod
203 546 248 600 ex
272 523 484 602 auetoritate
506 525 705 602 divinitatis
727 525 829 601 dreitz
860 529 1151 620 Poreliaremahabeo

81 629 220 725 peranda
241 629 379 694 animam
403 651 508 698 meam.
559 625 642 707 Nec
660 640 779 699 tamen
803 626 853 700 ita
875 627 1026 700 dicimus·
1046 626 1152 702 fuiffe

85 720 200 799 fitium
214 725 284 797 Dei
296 726 333 799 in
350 727 409 799 illa
422 728 560 819 anima,
585 727 674 798 sicut
691 727 760 801 fuit
772 727 807 799 in
821 729 934 802 anima
950 726 1069 821 Pauli,
1085 728 1153 820 vei

87 822 207 918 Petri,
234 839 519 917 caeterorumque
537 825 759 920 sanatorum,
784 826 965 918 inquibus
990 827 1149 904 Christus

87 924 246 1003 fimiliter
263 940 304 999 ut
319 927 357 1001 in
372 924 484 1001 Paulo
495 928 596 1018 loqui
609 926 777 1001 creditur.
810 925 880 1000 Sed
897 928 941 1001 de
953 929 1020 1002 illis
1036 930 1149 1003 omrr'r·
1208 988 1211 994 .

85 1025 154 1102 bus
169 1025 256 1099 illud
267 1023 488 1103 sentiendum
506 1026 557 1102 est
570 1026 670 1122 quod
682 1021 854 1120 scriptura
865 1026 952 1103 dicit
966 1028 1049 1119 quia
1062 1053 1151 1101 nemo

87 1126 224 1197 mundus
244 1153 265 1197 a
279 1129 387 1213 sarde,
416 1128 508 1222 necfi
525 1134 620 1200 unius
637 1131 697 1197 tier
709 1127 818 1217 fuerit
836 1134 910 1197 vira
930 1131 1007 1220 ejus.
1034 1132 1036 1142 '
1060 1127 1152 1205 Haee
1212 1189 1217 1196 .

86 1245 181 1301 vero
197 1226 310 1302 anima
322 1247 399 1317 quae
411 1225 527 1303 fuitin
539 1225 640 1321 Jesu,
667 1227 869 1322 priusquam
885 1226 991 1303 sciret
1003 1229 1154 1332 malum„-

88 1325 199 1421 elegit
214 1328 382 1402 bonum:
418 1327 451 1402 ot
472 1329 553 1424 quia
577 1328 702 1405 dilexit
715 1325 906 1419 justitiam,
934 1328 1063 1402 &odit
1086 1327 1150 1424 ipi-

87 1425 285 1517 quitatem,
303 1440 499 1521 propterea
509 1428 612 1503 unxit
626 1450 703 1503 eam
716 1428 818 1502 Deus
833 1429 921 1506 oleo
933 1428 1064 1503 laetitiae
1076 1449 1154 1521 prae

87 1525 322 1625 participibus
344 1522 424 1606 suis.
487 1526 584 1604 Oleo
607 1548 695 1624 ergo
716 1526 846 1604 laetitia
871 1529 1038 1623 ungitur,
1067 1549 1153 1607 cum

87 1627 206 1702 verbo
225 1622 294 1700 Dei
308 1626 532 1704 immaculata
547 1628 784 1705 foederatione
804 1622 996 1720 conjuuita
1015 1626 1087 1720 est,
1115 1626 1152 1709 ἅ.

86 1745 154 1823 per
171 1727 243 1802 hoc
263 1723 338 1802 sola
358 1729 518 1803 omnium
539 1730 736 1805 animarum
739 1728 889 1823 peccati
904 1728 1056 1820 incapax
1067 1726 1152 1820 fuit,

89 1825 173 1920 quia
194 1820 257 1901 filii
277 1824 348 1902 Dei
368 1829 463 1902 bene
489 1826 651 1920 &plene
674 1848 787 1919 capax
808 1826 901 1900 fuit:
940 1825 1153 1920 ideoque&

88 1945 201 2001 unum
217 1945 298 1999 cum
324 1925 400 2018 ipso
420 1926 496 2018 est,
523 1940 631 2025 atque
659 1927 734 2019 ejus
750 1927 958 2014 vocabulis
969 1946 1156 2019 nuncupa·-

88 2035 176 2115 tur,
203 2023 236 2099 δι
258 2023 355 2118 Jesus
381 2024 539 2104 Christus
561 2029 760 2121 appellatur
775 2081 788 2121 ,
804 2043 880 2124 «per
899 2048 1006 2118 quem
1030 2025 1154 2103 omnia

87 2121 182 2204 faua
199 2122 463 2203 eradicantur.
513 2126 660 2219 Deque
682 2127 823 2218 anima,
851 2128 1022 2218 quoniam
1035 2140 1154 2203 totam

87 2224 126 2302 in
142 2221 174 2300 se
192 2221 395 2317 sapientiam
412 2227 483 2302 Dei
498 2227 736 2303 &veritatem
753 2228 937 2322 vitamque
949 2236 1153 2321 receperat,

89 2323 198 2402 etiam
214 2323 302 2401 illud
319 2327 476 2402 arbitror
495 2324 617 2405 dixiss'e
640 2324 885 2425 Apostolum,
912 2327 972 2422 qui
993 2327 1043 2402 ait
1064 2344 1153 2418 quo·

88 2425 185 2503 niam
205 2431 280 2497 vito
305 2428 408 2524 nostra
426 2429 602 2516 abscondita
623 2430 743 2524 esicum
765 2429 888 2529 corpu
907 2434 945 2500 in
973 2431 1059 2500 Deo:
1085 2445 1155 2497 cum

89 2543 195 2601 autem
211 2526 356 2622 Christro
369 2533 552 2623 apparuerit
566 2528 769 2620 viramflra,
794 2546 873 2602 runc
887 2526 926 2605 (5
942 2553 1001 2600 vos
1012 2525 1156 2623 cumippo

89 2624 279 2721 apparebitis
303 2630 341 2694 in
361 2627 475 2721 gloria.
527 2629 619 2728 Quis
648 2629 742 2705 enim
763 2628 851 2704 alius
873 2627 933 2717 hic
955 2628 1155 2722 intelliges·

69 2770 74 2778 ·
91 2723 158 2804 dus
173 2722 351 2818 Christus,
370 2727 431 2819 qui
445 2729 483 2802 in
497 2726 582 2805 Deo
599 2726 829 2804 absconditus
839 2728 969 2804 dicitur
982 2727 1017 2803 δι
1030 2726 1158 2820 postea
1209 2774 1218 2783 z

92 2827 339 2917 appariturus,
367 2826 430 2905 niti
443 2829 503 2904 ille
519 2829 580 2919 qui
594 2829 685 2904 oleo
694 2827 826 2904 letitie
839 2825 967 2905 uotiua
983 2825 1155 2925 refertpr,

89 2924 129 3003 id
148 2923 220 3017 est,
245 2922 517 3003 substantialiter
532 2925 617 3003 Deo
633 2927 813 3023 repletus,
833 2928 871 3003 in
888 2947 962 3023 quo
977 2946 1075 3002 nune
1094 2925 1155 3001 ab·

88 3022 275 3129 sconditus
297 3024 458 3104 dicitur?
494 3024 693 3122 Propterea
716 3027 811 3103 enim
836 3027 1056 3104 &omnibus
1080 3023 1157 3100 cres

91 3123 260 3201 dentibus
283 3124 441 3203 Christus
460 3129 662 3223 exemplum
687 3125 864 3220 ponitur,
892 3127 974 3219 quia
991 3125 1081 3201 ficut
1095 3124 1161 3201 ilie

89 3221 277 3321 semper&
298 3238 487 3317 antequam
503 3223 610 3302 sciret
624 3227 775 3302 omnino
790 3227 940 3310 malum,
968 3226 1076 3319 elegit
1088 3225 1156 3300 bo·

89 3344 196 3417 num,
224 3323 400 3401 &dilexit
412 3324 603 3421 justitiam,
629 3325 762 3402 &odio
776 3325 902 3404 habuit
916 3325 1156 3421 iniquitatem,

92 3422 336 3519 &propterea
344 3425 448 3499 unxit
462 3445 542 3502 eum
557 3425 658 3501 Deus
672 3427 759 3501 oleo
772 3426 921 3504 tatius:
943 3427 993 3500 ita
1006 3423 1159 3501 &urris-

92 3525 243 3619 quisque
261 3524 342 3617 post
366 3523 523 3619 lapsum,
555 3526 618 3601 vel
635 3524 717 3619 post
739 3545 901 3602 errorem
927 3537 1103 3623 expurget
1120 3520 1159 3601 se

92 3623 264 3715 maculis,
299 3625 467 3718 exemplo
486 3625 701 3721 proposito,
728 3624 919 3701 &habens
936 3626 1073 3702 itineris
1096 3623 1159 3700 du·

94 3741 174 3798 cem
201 3723 344 3803 arduam
366 3725 463 3801 viam
488 3725 633 3801 virtutis
654 3724 818 3803 incedatr
849 3739 893 3801 ut
911 3726 960 3805 uc
977 3724 1077 3809 forto
1091 3741 1163 3820 per
1229 3741 1232 3749 ’

71 3926 75 3941 ι
93 3821 169 3900 hoe
188 3823 414 3922 inquantum
427 3819 504 3905 fieri
514 3823 637 3925 potest
651 3846 718 3927 per
734 3825 973 3949 intutiorem
989 3825 1160 4015 {Qas-
