2498 4254
331 166 922 281 nnonarrouu.
1075 195 1147 269 au

100 336 161 429 qui
171 333 285 409 nescit
298 333 453 424 quidem,
478 331 514 405 se
528 346 646 406 tamen
661 332 1150 432 exhibereconaturdignum

100 438 200 528 cujus
224 430 381 507 defessus
411 432 626 527 suppleatur.
685 431 750 504 Ait
782 434 899 508 enims
929 436 993 531 lpse
1013 438 1149 532 spiritus

91 538 227 635 pullulat
239 536 322 631 apud
339 539 439 604 Deum
449 535 612 627 gemitibus
631 532 913 604 inenarrabilibus:
960 538 1031 628 Qui
1044 554 1150 609 autem

88 635 379 729 scrutaturum,
397 637 461 722 Jcit
478 635 552 731 quid
567 632 708 729 deflueret
718 632 873 728 spiritus,
899 634 1149 731 quissetunsuu'r

98 738 202 809 Deum
231 733 362 829 pustulat
379 754 439 831 pro
456 730 592 823 stzubbis.
651 728 724 829 Qui
751 744 871 805 autem
885 734 935 807 ln
960 735 1150 812 beatorum

92 830 423 924 sordibus-clamat,
448 834 533 905 Alba
546 847 649 928 pater,
676 827 829 926 spiritus,
855 831 968 906 sciens
987 837 1147 929 apprime

96 956 162 1009 eos
179 936 240 1025 qui
257 930 466 1004 ceciderunt
486 944 548 1005 aut
562 926 756 1027 transgressr
770 930 873 1023 sunt,
901 932 1005 1005 editis
1019 935 1056 1007 in
1074 935 1150 1008 hoc

95 1034 329 1107 tabernaculo
346 1032 535 1127 gemitibus
551 1032 729 1128 aggravari
744 1031 875 1127 magis,
902 1050 1006 1124 quarn
1021 1032 1150 1128 levari,

93 1133 282 1231 gemitibus
306 1131 598 1204 inenarrabilibus
618 1128 777 1223 postulas
798 1127 893 1222 apud
914 1134 1058 1224 Deum,
1084 1152 1152 1206 no·

92 1232 185 1306 siros
203 1230 275 1326 ipse
291 1232 442 1326 gemitus
460 1250 527 1326 pro
540 1228 600 1302 sua
614 1231 835 1301 humanitate
849 1248 891 1301 ac
909 1228 1150 1331 misericordia

92 1329 296 1425 suscipiens.
347 1328 488 1403 Videns
509 1343 626 1403 autem
649 1346 717 1421 pro
735 1325 793 1401 sua
811 1327 983 1421 sapientia
997 1330 1150 1404 bumilia-

94 1442 163 1502 tant
180 1436 318 1501 interra
338 1435 479 1500 unimam
500 1428 631 1526 moflrmn
652 1428 686 1500 &
709 1448 829 1523 corpore
844 1429 1041 1500 humilitatis
1059 1449 1168 1504 conssx

94 1528 242 1615 elusam,
267 1528 455 1625 gemitibus
472 1528 564 1631 apud
580 1528 700 1601 Deum
715 1524 872 1619 postulat
889 1548 964 1600 non
982 1530 1151 1621 quibusli-

90 1629 176 1721 bet,
202 1626 262 1701 sed
280 1629 572 1702 inenarrabilibus
587 1625 814 1721 quibusdam,
841 1624 1001 1701 affinibus
1013 1628 1162 1703 scilicet

89 1752 277 1801 arcanarum
297 1730 463 1800 uerborum
475 1752 541 1825 qua
559 1752 624 1798 nou
641 1731 713 1797 licet
730 1726 853 1797 bomini
873 1729 966 1823 loqui.
993 1725 1064 1801 Hic
1084 1750 1147 1801 au·

89 1824 403 1921 temspiritusnon
422 1840 619 1900 contentus
634 1822 836 1919 postulare,
862 1823 1058 1900 intensrore
1071 1846 1150 1900 ora·

91 1927 196 2000 tione
217 1929 330 1999 utitur
354 1923 387 1997 bt
408 1922 691 2019 superpostulat‚
724 1944 792 2019 pro
812 1927 877 2019 iis,
902 1946 982 2000 mea
1004 1924 1149 2015 quidem

89 2023 289 2115 sententia,
316 2027 375 2116 qui
391 2022 569 2118 superant,
597 2025 709 2117 qualis
724 2037 801 2097 erat
816 2022 944 2097 Paulus
960 2044 1040 2098 curn
1052 2023 1148 2098 dice·

88 2138 164 2199 ret:
185 2127 353 2198 Selinus
366 2125 703 2220 omnitussuperamus.
755 2121 946 2197 Probabile
963 2121 1014 2196 est
1026 2137 1148 2198 autem

87 2244 158 2319 pro
172 2224 227 2299 his
240 2238 379 2298 tantum
393 2245 476 2299 eum
493 2244 596 2298 orare
608 2225 667 2318 qui
686 2243 755 2298 nec
767 2223 857 2296 tales
873 2219 954 2296 sunt
970 2233 1012 2295 ut
1027 2221 1149 2317 super·

89 2335 180 2417 ent,
205 2345 275 2399 nec
293 2325 382 2397 tales
406 2325 512 2399 etiam
532 2336 574 2397 ut
596 2327 809 2415 vincantur,
825 2318 885 2396 seri
903 2325 962 2414 qui
983 2324 1148 2401 vincunt.

86 2421 204 2498 Porro
224 2425 309 2497 huic
332 2424 448 2509 loc0‚
475 2427 566 2519 Quid
587 2448 704 2495 oremus
719 2424 801 2522 ficut
826 2438 946 2520 oportet
970 2422 1148 2512 nescimust

79 2523 137 2616 sed
151 2524 210 2621 ipse
223 2526 358 2619 spiritus
370 2525 502 2619 poflulut
512 2525 671 2622 pronubis
678 2521 842 2617 gemitibus
856 2522 1146 2613 inenarrabilibus,

88 2620 202 2697 affinis
217 2623 279 2696 ille
294 2621 363 2696 est:
393 2621 631 2721 Orubospiritu,
657 2619 795 2699 orabo&
808 2640 924 2710 mente,
947 2622 1149 2718 psallamspi·

87 2728 180 2809 ritu,
200 2725 328 2819 psabam
348 2718 388 2797 b
405 2740 515 2795 meme.
567 2722 701 2818 Neque
720 2722 816 2796 enirn
835 2744 938 2795 orare
959 2740 1061 2795 mens
1081 2738 1148 2793 no·

86 2818 156 2896 stra
171 2820 291 2918 potest
304 2821 366 2894 nisr
377 2832 460 2895 ante
472 2822 595 2917 ipsam,
621 2840 735 2915 eaque
748 2818 842 2912 quast
855 2822 1036 2912 audiente,
1063 2831 1148 2893 uret
1219 2902 1230 2921 ,

86 2922 259 3016 Spiritus:
285 2932 326 2992 ut
343 2938 463 3012 neque
481 2918 674 3016 psallere&
692 2918 881 2995 modulato
897 2940 939 2992 ac
950 2913 1147 2992 numeroso

88 3023 246 3094 tarmine
265 3019 553 3112 consonantique
568 3039 665 3111 voce
682 3020 825 3094 laudare
839 3018 979 3094 Patrem
991 3022 1028 3090 in
1042 3016 1144 3091 Chri·

86 3118 163 3206 stt),
189 3119 253 3193 nisi
260 3121 401 3216 spiritus
417 3128 473 3218 qui
489 3125 594 3192 omnia
608 3123 774 3208 scrutatur
793 3123 887 3191 etiam
897 3118 1057 3214 profunda
1082 3119 1147 3189 Dei

84 3220 183 3315 prius
198 3217 338 3293 laudern
359 3216 392 3291 u
411 3221 573 3294 celebret
588 3239 669 3293 eum
693 3219 792 3312 cujus
817 3215 997 3314 profunda
1016 3218 1148 3291 scruta·

86 3332 145 3392 tus
161 3315 226 3413 est,
252 3317 299 3410 bt,
325 3331 367 3391 ut
383 3319 519 3412 valuit,
543 3316 829 3413 comprehendit.
880 3314 1057 3407 Equidem
1072 3315 1146 3390 exl-

84 3416 191 3493 stimo
207 3417 408 3511 quempiam
432 3438 454 3490 e
475 3415 558 3514 Jesu
581 3412 779 3512 discipulis,
803 3436 884 3490 cunr
899 3415 962 3489 fibi
979 3412 1145 3491 conscius

88 3514 176 3591 esset
205 3531 377 3610 quantum
405 3517 559 3591 humana
583 3518 808 3592 imbecillitas
841 3514 974 3589 abesset
1000 3535 1019 3587 a
1042 3512 1145 3589 rebbo·

88 3616 216 3689 orandi
229 3617 367 3689 modo:
393 3616 500 3709 idque
516 3621 669 3693 maxime
690 3614 919 3713 cognovisset
936 3612 1064 3687 'auditis
1078 3613 1147 3686 do·

87 3713 151 3787 ttis
167 3714 201 3787 δι
220 3718 354 3811 magnis
371 3713 592 3791 sermonibus
614 3714 891 3808 quoslSalvator
916 3714 1090 3787 habuerat
1103 3710 1144 3787 iu

86 3816 148 3891 sua
167 3814 211 3891 ad
224 3812 366 3892 Patrem
380 3816 761 3914 oratione,····Domino
778 3816 947 3891 oratione
960 3809 1148 3983 legts
