2498 4254
180 68 349 209 'nr
397 108 725 228 rnirr'crens,
776 122 983 229 rrum„
1075 124 1144 237 τῇ

70 296 197 385 „sobrii
220 294 444 369 &castillrmi
466 318 507 368 ac
526 292 780 371 mansuetissimi
800 296 1060 386 redderentur3
1094 300 1146 373 ita'

86 394 226 471 rursum
248 395 411 468 videmus
434 398 471 468 in
497 396 571 469 aliis
594 398 721 491 quietis
743 394 977 489 &honellis,
1010 417 1090 473 curn
1108 395 1145 471 se

88 496 187 573 forte
206 498 372 587 inquietis
390 496 590 568 hominibus
607 518 648 567 ac
662 497 823 589 turpibus
843 492 1011 569 sociarint
1025 522 1046 589 ,··
1064 516 1145 569 cor·
1234 490 1239 505 '

88 600 205 689 rumpi
225 616 344 669 mores
362 596 481 666 bonos
502 596 689 687 colloquiis
707 598 827 687 malis,
855 592 1074 669 &efficieos
1093 611 1145 669 ta·

88 698 138 771 les
157 696 279 787 quales
295 692 374 765 sunt
391 694 440 766 illi
457 697 582 785 quibus
598 696 683 767 nihil
699 695 742 766 ad
760 695 1015 787 turpitudinem
1028 694 1144 784 decst3

91 794 211 869 &hoc
223 792 401 865 interdum
416 795 541 865 evenit
550 806 686 866 matura
698 795 769 885 jam
784 809 888 867 aetate
909 794 1014 887 viris,
1041 796 1146 869 itaut

94 895 376 968 continentiores
387 895 423 979 in
434 894 628 983 juventute
644 893 821 986 vixerint,
849 916 952 985 quam
966 914 1047 967 curn
1059 914 1145 986 pro·

96 993 230 1067 vestior
250 1006 332 1065 aetas
349 992 555 1064 facultatem
576 993 660 1064 vitae
672 994 848 1065 liberioris
863 992 1014 1067 indulsit.
1047 992 1145 1066 Con·

97 1091 272 1184 sequentia
293 1110 380 1185 ergo
397 1092 547 1163 rationis
561 1090 715 1164 ostendit
734 1093 831 1184 quod
851 1116 893 1165 ea
913 1092 1054 1185 quidem
1067 1114 1146 1183 quae

100 1189 307 1264 extrinsecus
335 1191 524 1282 incidunt,
556 1190 592 1263 in
614 1190 734 1265 nostra
749 1192 927 1284 potestate
950 1214 1026 1265 non
1045 1190 1146 1271 sunti

99 1292 180 1364 bene
202 1310 296 1363 vero
316 1292 377 1362 vel
397 1292 487 1362 male
503 1290 555 1361 uti
572 1290 625 1361 his
645 1312 722 1382 quae
735 1292 918 1384 incidunt,
943 1314 986 1363 ea
1002 1293 1146 1364 ratione

102 1412 166 1481 qna
179 1390 275 1461 intra
291 1410 360 1461 nos
377 1388 446 1480 est,
474 1387 694 1462 discernente
708 1412 749 1462 ac
761 1391 975 1482 dijudicante
993 1409 1147 1484 quomo·

103 1488 142 1563 do
155 1490 208 1563 his
219 1488 274 1559 uti
296 1499 487 1583 oporteat,
513 1488 641 1561 nostrae
659 1488 708 1563 est
723 1490 940 1582 potestatis.-

163 1594 198 1663 ό.
226 1588 280 1658 Ut
296 1600 414 1660 autem
433 1610 473 1660 ea
485 1609 563 1679 quae
577 1589 670 1660 ratio
685 1588 949 1679 consequenter
967 1588 1144 1681 ostendit,

104 1685 455 1779 etiamscripturarum
473 1685 685 1761 auctoritate
699 1687 896 1781 firmemus,
916 1687 1026 1782 idest,
1046 1688 1146 1779 quod

104 1787 200 1859 nostri
215 1785 337 1877 operis
358 1786 407 1858 est
421 1785 516 1858 redte
529 1788 590 1859 vel
603 1787 716 1860 minus
734 1787 830 1860 reete
845 1790 992 1878 vivere,
1018 1787 1147 1861 &non

105 1888 154 1959 vel
171 1906 214 1958 ex
229 1884 284 1957 his
304 1905 381 1974 quae
397 1883 613 1957 extrinsecus
634 1887 815 1978 incidunt,
842 1889 924 1980 val,
949 1902 991 1958 ut
1003 1886 1146 1976 quidam

58 2045 60 2061 .
106 1998 238 2079 putant,
265 1982 348 2057 fatis
360 1986 567 2081 urgentibus
580 1987 763 2083 cogimur,
793 1985 1034 2061 testimonium
1048 1983 1147 2057 dabit

309 2243 735 2319 Iurnnrrcnrarro
774 2264 924 2321 uovn.

105 2381 310 2461 suettrdinem
338 2383 388 2457 est
409 2385 636 2476 immutatus,
672 2383 823 2477 agrestes
848 2382 918 2456 effe
941 2382 1144 2481 videantur.

106 2482 228 2559 Contra
252 2485 339 2556 alios
367 2486 541 2557 cernimus
566 2484 868 2575 compositiffimos
895 2483 928 2554 &
955 2484 1146 2558 honestilli·

103 2604 192 2677 nos,
218 2584 451 2677 acomposrta
469 2582 660 2657 &honesta
676 2583 753 2655 vita
767 2583 810 2655 ad
826 2583 1043 2657 deteriorem
1059 2606 1147 2655 con·

102 2678 311 2757 suetudinem
326 2684 377 2755 ita
394 2681 604 2773 deflectere,
630 2696 672 2752 ut
691 2683 726 2752 in
738 2681 1045 2774 intemperantiam
1060 2684 1146 2755 inci-

102 2781 177 2857 dant
191 2782 308 2856 media
320 2783 390 2873 jam
405 2795 536 2873 atate,
563 2780 746 2873 postquam
760 2781 962 2871 juventutis
981 2780 1147 2853 instabili-

101 2892 165 2977 tas,
190 2896 233 2953 ut
253 2880 325 2954 sert
344 2896 490 2972 natura,
520 2882 701 2973 praeteriit.
754 2876 810 2951 Ex
829 2881 884 2952 his
911 2881 1018 2974 igitur
1033 2882 1148 2971 liquet

101 2978 309 3055 extrinsecus
331 2979 524 3052 incidentia
544 3002 620 3051 non
646 2978 714 3051 elle
740 2980 777 3050 in
800 2980 920 3051 nostra
942 2978 1145 3072 potestate,

99 3078 165 3155 hoc
178 3095 297 3153 autem
309 3082 371 3152 vel
390 3082 574 3151 contrario
591 3079 701 3151 modo
716 3078 769 3150 his
785 3081 858 3170 uti,
891 3080 1033 3149 ratione
1055 3080 1147 3152 duce

68 3180 72 3209 ²
100 3176 369 3253 &discernente
395 3200 435 3250 ac
459 3179 675 3269 dijudicante
699 3180 885 3268 quomodo
911 3179 1067 3249 externis
1092 3180 1147 3251 uti

58 3283 63 3396 l
100 3292 285 3373 oporteat,
312 3278 482 3350 innostra
498 3278 598 3350 srtum
614 3275 682 3349 elle
701 3276 889 3372 potestate.

58 3407 61 3474 ς
164 3382 199 3457 6.
223 3377 400 3451 Nostrum
415 3398 527 3469 porro
551 3399 642 3471 opus
661 3376 731 3448 elle
747 3376 842 3448 rene
864 3377 1012 3449 viuere:
1037 3376 1147 3468 idque

58 3488 60 3524 ²
102 3479 233 3551 anobis
257 3498 334 3549 non
351 3476 445 3567 quasi
466 3475 586 3570 suum,
612 3498 729 3567 neque
753 3479 795 3547 ab
816 3476 886 3546 alio
907 3477 1071 3565 quolibet
1088 3477 1146 3548 da·

100 3588 192 3671 tum,
218 3598 357 3668 neque,
383 3590 425 3647 ut
444 3576 751 3669 quidamputant,
779 3574 923 3666 asota,
951 3574 1009 3647 sed
1021 3591 1062 3646 ut
1078 3580 1146 3648 no·

100 3674 196 3751 strum
222 3697 345 3768 opus,
377 3674 498 3747 Deum
523 3676 724 3768 postulare,
758 3674 944 3747 testabitur
973 3672 1146 3746 Michaeas

101 3778 271 3870 propheta
295 3775 437 3851 dicens:
462 3779 503 3847 Si
520 3777 606 3869 tili,
633 3771 749 3863 sumo,
775 3778 946 3851 indicatum
958 3774 999 3869 cll
1013 3776 1087 3868 quid
1104 3774 1147 3873 ‘d

58 3976 61 4037 l
144 3881 290 3976 origenis
318 3867 406 3971 Tum,
423 3876 489 3974 ΙΙΙ,
692 3874 738 3959 M
978 3882 1112 3966 bruun,
