2498 4254
80 170 151 249 262
406 163 813 243 ORIGENIS

79 329 230 425 Moyses
255 316 315 403 ille
339 330 381 403 srt
407 333 537 404 anricus
563 329 654 424 Dei,
681 349 835 421 quorum
852 328 969 403 nullus
990 324 1137 422 prorsus

81 452 227 523 omnem
247 430 345 503 simul
370 429 645 503 adversariarum
662 431 839 509 virtutum
861 442 1043 501 catervenr
1062 424 1143 519 pos·

80 528 135 607 set
155 531 227 603 srne
249 526 299 602 sui
318 530 432 621 aliqua
450 530 608 623 pernicie
629 531 811 621 tolerare,
849 527 913 601 nis1
932 528 1030 603 forte
1045 527 1142 599 illius

15 680 18 687 -
81 628 191 704 solius
214 629 330 702 virtus
354 642 526 721 operetur
544 630 581 703 in
606 650 651 701 eo
673 628 733 720 qui
755 628 867 702 dixit:
896 630 1069 717 confidite,
1094 649 1144 720 ego

81 733 150 801 vici
169 731 330 800 mundum.
382 729 535 823 Propter
552 750 658 820 quern
681 724 907 802 confidenter
926 727 1032 801 etiarn
1052 725 1143 799 Pau·

81 830 138 905 lus
161 830 325 902 dicebat:
360 834 476 900 Omnia
489 826 605 925 poffum
622 834 658 898 in
677 854 708 897 eo
725 832 781 927 qui
801 854 848 899 me
866 826 1029 921 confortat
1046 826 1146 896 Cirri-

80 928 154 1022 [ius.
204 925 254 1000 Et
272 931 423 1009 iteruin:
449 929 596 1025 Amplius
609 944 713 999 autem
731 952 823 1027 quam
835 952 938 1001 omnes
956 929 1005 997 idi
1024 925 1147 997 labora·

82 1032 142 1113 vi,
168 1052 233 1097 non
248 1022 426 1122 auremeg'm
446 1030 615 1123 sedgratia
639 1032 699 1098 Dei
710 1036 834 1098 mecum.
881 1022 1038 1119 Propter
1049 1025 1146 1098 hanc

85 1146 173 1223 ergo
192 1129 366 1201 virtutem
389 1150 466 1219 quae
483 1129 608 1218 utique
623 1129 776 1201 humana
792 1148 868 1201 non
891 1124 964 1218 est,
992 1144 1146 1218 operan-

84 1239 159 1301 tem
178 1226 212 1298 δι
231 1227 442 1317 loquentem
458 1229 494 1300 in
518 1227 582 1320 se,
607 1227 735 1301 Paulus
755 1226 922 1299 dicebat:
949 1223 1149 1312 Certussrrm

85 1340 192 1396 autem
206 1330 282 1423 quia
297 1352 395 1425 neque
413 1353 512 1417 mors,
537 1352 637 1426 neque
651 1334 748 1413 vito,
776 1353 875 1423 neque
895 1318 1019 1419 angeli,
1044 1347 1148 1423 neque

81 1429 304 1531 principatus,
330 1451 427 1524 neque
443 1427 622 1524 potestates,
647 1453 747 1525 nequa
761 1426 952 1524 prasentia,
978 1449 1078 1520 neque
1088 1424 1150 1517 fu·

86 1540 190 1613 tura,
215 1550 313 1624 neque
335 1529 499 1615 altitudo,
532 1552 632 1624 neque
657 1527 871 1624 profundum,
895 1532 1150 1621 nequivimus,

85 1649 188 1722 neque
200 1627 265 1696 alia
279 1627 343 1696 ulla
353 1645 499 1699 creatura
512 1632 629 1722 poterit
639 1652 696 1698 nos
704 1629 851 1725 separare
868 1625 1061 1699 acharitate
1072 1628 1151 1710 Dei,

87 1749 156 1899 gua
169 1724 207 1822 esi
221 1730 258 1795 im
277 1726 396 1821 chrisio
414 1728 493 1823 Jesu
515 1733 647 1817 Domino
664 1729 775 1820 molire.
826 1726 911 1799 Sola
925 1725 1017 1799 enim
1034 1719 1153 1821 perse

40 1914 44 1921 .
114 1845 242 1897 umana
259 1841 385 1898 natura
407 1848 484 1900 non
507 1827 662 1899 arbitror
679 1829 760 1918 quia
778 1826 882 1918 poffit
902 1823 1069 1897 adversus
1090 1845 1152 1897 an·

88 1926 213 2020 gelos,
240 1924 426 1999 &excelsa
441 1925 683 2019 &profunda,
712 1927 746 1999 &
764 1927 865 1997 aliam
880 1936 1077 1997 creaturam
1088 1924 1152 1997 ha·

87 2024 176 2097 bere
194 2037 392 2099 certamen:
419 2023 478 2099 sed
496 2048 576 2100 curn
591 2023 735 2100 senserit
748 2022 955 2118 praesentem
970 2020 1055 2096 inse
1073 2021 1153 2095 Do·

89 2122 225 2197 rninum
247 2123 586 2217 &·inhabitantem,
614 2124 834 2217 confidentia
851 2122 963 2197 divini
984 2120 1155 2217 adjutorii

92 2219 211 2294 dicet:
246 2229 401 2293 Dominus
417 2226 611 2295 illuminatio
631 2251 696 2295 mea
715 2223 752 2302 (5
768 2226 921 2298 Salvator
936 2247 1040 2309 meus,
1064 2245 1156 2319 quem

91 2316 240 2423 timebo?
274 2326 432 2392 Dominus
448 2323 606 2420 prorer‘ior
623 2330 701 2395 vita
721 2350 812 2413 mea,
847 2350 868 2395 a
891 2348 952 2421 quo
970 2317 1156 2421 trepidabo?

93 2423 186 2490 Dum
210 2427 403 2517 appropiant
419 2423 514 2518 super
533 2448 580 2495 me
597 2442 743 2496 merentes
760 2441 798 2495 ut
813 2426 909 2494 edant
924 2447 1033 2493 carnes
1052 2448 1157 2508 meas,

93 2522 151 2616 qui
173 2522 335 2591 tribulant
357 2527 550 2594 me'iarimici
568 2530 627 2594 mei
650 2525 705 2622 ipfl
724 2526 883 2617 infirmati
893 2524 976 2611 sunt
991 2520 1031 2599 (Ὺ
1044 2524 1153 2594 cecide·

95 2634 189 2690 runt.
241 2624 281 2690 Si
295 2622 456 2717 conſsflant
474 2624 641 2712 adversum
662 2651 709 2695 me
732 2625 831 2723 casira
845 2670 859 2711 ‚-
879 2646 947 2693 nom
965 2622 1091 2696 timebit
1108 2628 1159 2693 cor

93 2741 213 2790 meum:
236 2719 261 2812 fi
270 2738 403 2814 exurgat
418 2725 582 2812 adversum
599 2726 811 2821 mepraliumr
838 2728 874 2792 in
890 2724 1008 2815 horgego
1017 2721 1156 2815 sperabo.

93 2816 205 2903 Unde
223 2841 291 2917 ego
312 2821 468 2894 arbitror
484 2823 583 2915 qnod
597 2846 777 2915 nunquam
794 2824 907 2897 homo
923 2821 1074 2897 forteiiis
1090 2842 1157 2915 per

95 2915 244 3010 seipsum
255 2920 426 2993 virtutem
445 2923 660 3009 contrariam
678 2925 826 2997 vincere
837 2922 978 3017 potest,
1003 2922 1066 2995 nisi
1076 2920 1157 2993 usus

95 3016 208 3093 fuerit
233 3018 415 3112 adjutorio
439 3022 577 3098 divino.
640 3022 749 3096 Unde
777 3023 810 3095 ἃ
838 3022 982 3117 angelus
1005 3020 1158 3095 indatus

99 3115 169 3189 effe
189 3118 318 3191 dieitur·
332 3141 412 3191 curn
431 3122 555 3213 Jacob.
607 3123 720 3295 (pund
740 3145 808 3196 nos
826 3124 967 3214 quidem
983 3118 1033 3192 ita
1055 3121 1159 3193 intel·

97 3214 269 3311 ligimus,
301 3219 383 3309 quia
403 3240 479 3292 non
498 3220 593 3295 idem
627 3234 656 3295 rt
678 3220 845 3295 ludintun]
862 3219 931 3294 effe
947 3242 1028 3295 curn
1043 3220 1160 3313 Jacob

99 3315 286 3413 angelum,
314 3318 412 3409 quod
438 3318 489 3393 est
508 3320 691 3394 adversum
708 3323 851 3417 Jacob:
886 3319 993 3393 sedis
1017 3320 1161 3411 quidem

100 3413 161 3503 qui
178 3412 211 3485 ei
225 3413 344 3489 salutis
363 3418 468 3511 ipsius
491 3418 593 3493 causa
611 3421 752 3510 aderat,
778 3422 836 3512 qui
855 3418 1059 3515 &cognitis
1076 3439 1161 3513 pro·

100 3509 252 3586 sedibus
270 3516 368 3608 eius,
396 3520 500 3591 etiam
515 3541 649 3593 nornen
671 3520 703 3595 ei
717 3519 820 3593 Israel
844 3520 969 3611 dedit,
996 3518 1061 3593 iste
1080 3540 1163 3593 cum

101 3607 180 3705 ipso
195 3611 366 3687 ludetur:
392 3616 428 3688 id
445 3616 514 3709 est,
541 3640 621 3692 curn
639 3619 714 3711 ipso
729 3618 779 3692 est
794 3621 831 3692 in
846 3641 983 3712 agone,
1011 3618 1047 3691 δι
1057 3618 1164 3710 juvat

103 3732 185 3784 eunr
198 3710 233 3784 in
252 3717 470 3791 certamine:
497 3718 666 3791 cumdrne
684 3719 796 3792 dubio
819 3720 903 3791 alius
929 3716 1016 3791 effet
1037 3718 1162 3793 adver·

99 3808 158 3883 ios
178 3832 285 3905 quem
308 3813 520 3925 disnicmt,
551 3816 773 3895 &adversus
796 3839 900 3913 quern
920 3818 954 3893 ei
981 3833 1164 3895 certamen

994 3938 1114 4018 egere·
