<?xml version="1.0" encoding="UTF-8"?>
<!DOCTYPE html PUBLIC "-//W3C//DTD XHTML 1.0 Transitional//EN"
    "http://www.w3.org/TR/xhtml1/DTD/xhtml1-transitional.dtd">
<html xmlns="http://www.w3.org/1999/xhtml" xml:lang="en" lang="en">
 <head>
  <title>
</title>
<meta http-equiv="Content-Type" content="text/html;charset=utf-8" />
  <meta name='ocr-system' content='tesseract 3.04.00' />
  <meta name='ocr-capabilities' content='ocr_page ocr_carea ocr_par ocr_line ocrx_word'/>
</head>
<body>
  <div class='ocr_page' id='page_1' title='image "./operaomniasanct08unkngoog_0420.png"; bbox 0 0 2498 4254; ppageno 0'>
   <div class='ocr_carea' id='block_1_1' title="bbox 214 124 1241 311">
    <p class='ocr_par' dir='ltr' id='par_1_1' title="bbox 214 124 1241 311">
     <span class='ocr_line' id='line_1_1' title="bbox 214 124 1241 311; baseline -0.004 -47"><span class='ocrx_word' id='word_1_1' title='bbox 214 252 222 264; x_wconf 84' lang='grc'><em>,</em></span> <span class='ocrx_word' id='word_1_2' title='bbox 276 175 357 256; x_wconf 80' lang='lat' dir='ltr'><strong>or:</strong></span> <span class='ocrx_word' id='word_1_3' title='bbox 404 124 741 287; x_wconf 74' lang='lat' dir='ltr'><strong>rainerius,</strong></span> <span class='ocrx_word' id='word_1_4' title='bbox 789 178 892 259; x_wconf 80' lang='lat' dir='ltr'><strong>nm.</strong></span> <span class='ocrx_word' id='word_1_5' title='bbox 917 179 985 260; x_wconf 85' lang='lat' dir='ltr'><strong>ru.</strong></span> <span class='ocrx_word' id='word_1_6' title='bbox 1080 128 1241 311; x_wconf 24' lang='lat'><strong>377¹*-</strong></span> 
     </span>
    </p>
   </div>
   <div class='ocr_carea' id='block_1_2' title="bbox 57 339 1241 3204">
    <p class='ocr_par' dir='ltr' id='par_1_2' title="bbox 57 339 1241 3204">
     <span class='ocr_line' id='line_1_2' title="bbox 87 339 1151 443; baseline 0.002 -28"><span class='ocrx_word' id='word_1_7' title='bbox 87 339 270 440; x_wconf 83' lang='lat' dir='ltr'><strong>propbeta</strong></span> <span class='ocrx_word' id='word_1_8' title='bbox 285 344 330 415; x_wconf 89' lang='lat' dir='ltr'><strong>de</strong></span> <span class='ocrx_word' id='word_1_9' title='bbox 341 343 528 418; x_wconf 81' lang='lat' dir='ltr'>Pharaone</span> <span class='ocrx_word' id='word_1_10' title='bbox 538 364 622 442; x_wconf 77' lang='lat' dir='ltr'><strong>rege</strong></span> <span class='ocrx_word' id='word_1_11' title='bbox 637 342 787 441; x_wconf 82' lang='lat' dir='ltr'><strong>AEgypti</strong></span> <span class='ocrx_word' id='word_1_12' title='bbox 802 344 1049 443; x_wconf 82' lang='lat' dir='ltr'>prophetavit,</span> <span class='ocrx_word' id='word_1_13' title='bbox 1061 362 1151 418; x_wconf 89' lang='lat' dir='ltr'><strong>con·</strong></span> 
     </span>
     <span class='ocr_line' id='line_1_3' title="bbox 88 443 1156 540; baseline 0.004 -26"><span class='ocrx_word' id='word_1_14' title='bbox 88 445 218 514; x_wconf 88' lang='lat' dir='ltr'><strong>venire</strong></span> <span class='ocrx_word' id='word_1_15' title='bbox 239 443 344 516; x_wconf 89' lang='lat' dir='ltr'><strong>alicui</strong></span> <span class='ocrx_word' id='word_1_16' title='bbox 361 444 548 518; x_wconf 90' lang='lat' dir='ltr'><strong>hominum</strong></span> <span class='ocrx_word' id='word_1_17' title='bbox 565 444 712 539; x_wconf 84' lang='lat' dir='ltr'><strong>possunt</strong></span> <span class='ocrx_word' id='word_1_18' title='bbox 727 447 787 536; x_wconf 91' lang='lat' dir='ltr'><strong>qui</strong></span> <span class='ocrx_word' id='word_1_19' title='bbox 805 443 964 540; x_wconf 75' lang='lat' dir='ltr'><strong>regnasse</strong></span> <span class='ocrx_word' id='word_1_20' title='bbox 984 446 1156 518; x_wconf 82' lang='lat' dir='ltr'><strong>videatur</strong></span> 
     </span>
     <span class='ocr_line' id='line_1_4' title="bbox 87 537 1152 640; baseline 0.005 -27"><span class='ocrx_word' id='word_1_21' title='bbox 87 541 127 614; x_wconf 90' lang='lat' dir='ltr'><strong>in</strong></span> <span class='ocrx_word' id='word_1_22' title='bbox 142 537 326 640; x_wconf 83' lang='lat' dir='ltr'><strong>AEgypto,</strong></span> <span class='ocrx_word' id='word_1_23' title='bbox 352 542 443 616; x_wconf 85' lang='lat' dir='ltr'><strong>ficut</strong></span> <span class='ocrx_word' id='word_1_24' title='bbox 456 543 641 619; x_wconf 87' lang='lat' dir='ltr'><strong>manifeste</strong></span> <span class='ocrx_word' id='word_1_25' title='bbox 655 556 777 617; x_wconf 83' lang='lat' dir='ltr'><strong>textus</strong></span> <span class='ocrx_word' id='word_1_26' title='bbox 793 544 867 637; x_wconf 90' lang='lat' dir='ltr'><strong>ipse</strong></span> <span class='ocrx_word' id='word_1_27' title='bbox 878 543 1014 616; x_wconf 88' lang='lat' dir='ltr'><strong>indicat</strong></span> <span class='ocrx_word' id='word_1_28' title='bbox 1029 542 1152 618; x_wconf 69' lang='lat' dir='ltr'><strong>lectio·</strong></span> 
     </span>
     <span class='ocr_line' id='line_1_5' title="bbox 87 640 1152 738; baseline 0.003 -24"><span class='ocrx_word' id='word_1_29' title='bbox 87 643 157 715; x_wconf 85' lang='lat' dir='ltr'><strong>nis.</strong></span> <span class='ocrx_word' id='word_1_30' title='bbox 209 640 379 716; x_wconf 87' lang='lat' dir='ltr'><strong>Similiter</strong></span> <span class='ocrx_word' id='word_1_31' title='bbox 402 643 435 716; x_wconf 70' lang='grc' dir='ltr'>ἃ</span> <span class='ocrx_word' id='word_1_32' title='bbox 456 666 498 731; x_wconf 84' lang='lat' dir='ltr'><strong>ea</strong></span> <span class='ocrx_word' id='word_1_33' title='bbox 516 664 594 735; x_wconf 84' lang='lat' dir='ltr'><strong>quae</strong></span> <span class='ocrx_word' id='word_1_34' title='bbox 615 642 661 716; x_wconf 92' lang='lat' dir='ltr'><strong>de</strong></span> <span class='ocrx_word' id='word_1_35' title='bbox 684 642 847 738; x_wconf 84' lang='lat' dir='ltr'><strong>principe</strong></span> <span class='ocrx_word' id='word_1_36' title='bbox 868 640 959 736; x_wconf 86' lang='lat' dir='ltr'><strong>Tyri</strong></span> <span class='ocrx_word' id='word_1_37' title='bbox 982 646 1152 718; x_wconf 64' lang='lat' dir='ltr'><strong>(suuntur</strong></span> 
     </span>
     <span class='ocr_line' id='line_1_6' title="bbox 86 739 1152 840; baseline 0.002 -26"><span class='ocrx_word' id='word_1_38' title='bbox 86 759 167 814; x_wconf 91' lang='lat' dir='ltr'><strong>non</strong></span> <span class='ocrx_word' id='word_1_39' title='bbox 188 739 335 834; x_wconf 83' lang='lat' dir='ltr'><strong>possunt</strong></span> <span class='ocrx_word' id='word_1_40' title='bbox 360 744 512 840; x_wconf 83' lang='lat' dir='ltr'><strong>intelligi</strong></span> <span class='ocrx_word' id='word_1_41' title='bbox 536 743 581 817; x_wconf 90' lang='lat' dir='ltr'><strong>de</strong></span> <span class='ocrx_word' id='word_1_42' title='bbox 606 745 727 835; x_wconf 83' lang='lat' dir='ltr'><strong>aliquo</strong></span> <span class='ocrx_word' id='word_1_43' title='bbox 755 745 904 818; x_wconf 89' lang='lat' dir='ltr'><strong>homine</strong></span> <span class='ocrx_word' id='word_1_44' title='bbox 934 747 1037 817; x_wconf 91' lang='lat' dir='ltr'><strong>velut</strong></span> <span class='ocrx_word' id='word_1_45' title='bbox 1065 746 1152 839; x_wconf 82' lang='lat' dir='ltr'><strong>iege</strong></span> 
     </span>
     <span class='ocr_line' id='line_1_7' title="bbox 82 838 1231 935; baseline 0.003 -23"><span class='ocrx_word' id='word_1_46' title='bbox 82 841 180 932; x_wconf 64' lang='lat' dir='ltr'><strong>„Tyri</strong></span> <span class='ocrx_word' id='word_1_47' title='bbox 195 838 304 928; x_wconf 59' lang='lat' dir='ltr'><strong>diuo</strong></span> <span class='ocrx_word' id='word_1_48' title='bbox 326 840 386 918; x_wconf 87' lang='lat' dir='ltr'><strong>sed</strong></span> <span class='ocrx_word' id='word_1_49' title='bbox 403 843 439 915; x_wconf 80' lang='lat' dir='ltr'><strong>ba</strong></span> <span class='ocrx_word' id='word_1_50' title='bbox 455 845 499 916; x_wconf 89' lang='lat' dir='ltr'><strong>de</strong></span> <span class='ocrx_word' id='word_1_51' title='bbox 514 843 862 918; x_wconf 78' lang='lat' dir='ltr'>Nabuchodonosor</span> <span class='ocrx_word' id='word_1_52' title='bbox 877 865 919 916; x_wconf 89' lang='lat' dir='ltr'><strong>ea</strong></span> <span class='ocrx_word' id='word_1_53' title='bbox 938 865 1016 935; x_wconf 82' lang='lat' dir='ltr'><strong>quae</strong></span> <span class='ocrx_word' id='word_1_54' title='bbox 1030 844 1167 935; x_wconf 67' lang='lat' dir='ltr'><strong>mustis¹</strong></span> <span class='ocrx_word' id='word_1_55' title='bbox 1229 908 1231 916; x_wconf 91' lang='lat'><em>.</em></span> 
     </span>
     <span class='ocr_line' id='line_1_8' title="bbox 87 940 1153 1038; baseline -0.001 -23"><span class='ocrx_word' id='word_1_56' title='bbox 87 941 130 1015; x_wconf 86' lang='lat' dir='ltr'><strong>in</strong></span> <span class='ocrx_word' id='word_1_57' title='bbox 150 942 241 1014; x_wconf 88' lang='lat' dir='ltr'><strong>locis</strong></span> <span class='ocrx_word' id='word_1_58' title='bbox 266 943 309 1014; x_wconf 88' lang='lat' dir='ltr'><strong>ab</strong></span> <span class='ocrx_word' id='word_1_59' title='bbox 331 941 503 1037; x_wconf 90' lang='lat' dir='ltr'><strong>scriptura</strong></span> <span class='ocrx_word' id='word_1_60' title='bbox 527 944 717 1038; x_wconf 89' lang='lat' dir='ltr'><strong>dicuntur,</strong></span> <span class='ocrx_word' id='word_1_61' title='bbox 740 944 775 1015; x_wconf 75' lang='lat' dir='ltr'><strong>u</strong></span> <span class='ocrx_word' id='word_1_62' title='bbox 791 945 943 1018; x_wconf 84' lang='lat' dir='ltr'><strong>maxime</strong></span> <span class='ocrx_word' id='word_1_63' title='bbox 967 946 1003 1015; x_wconf 91' lang='lat' dir='ltr'><strong>in</strong></span> <span class='ocrx_word' id='word_1_64' title='bbox 1026 940 1153 1033; x_wconf 82' lang='lat' dir='ltr'><strong>Esaia,</strong></span> 
     </span>
     <span class='ocr_line' id='line_1_9' title="bbox 90 1038 1219 1137; baseline 0.002 -27"><span class='ocrx_word' id='word_1_65' title='bbox 90 1040 281 1130; x_wconf 90' lang='lat' dir='ltr'><strong>quomodo</strong></span> <span class='ocrx_word' id='word_1_66' title='bbox 298 1041 459 1137; x_wconf 89' lang='lat' dir='ltr'><strong>possibile</strong></span> <span class='ocrx_word' id='word_1_67' title='bbox 475 1042 526 1116; x_wconf 88' lang='lat' dir='ltr'><strong>est</strong></span> <span class='ocrx_word' id='word_1_68' title='bbox 540 1065 610 1119; x_wconf 91' lang='lat' dir='ltr'><strong>nos</strong></span> <span class='ocrx_word' id='word_1_69' title='bbox 627 1042 717 1118; x_wconf 78' lang='lat' dir='ltr'><strong>dista</strong></span> <span class='ocrx_word' id='word_1_70' title='bbox 732 1044 777 1116; x_wconf 89' lang='lat' dir='ltr'><strong>de</strong></span> <span class='ocrx_word' id='word_1_71' title='bbox 792 1044 942 1118; x_wconf 89' lang='lat' dir='ltr'><strong>homine</strong></span> <span class='ocrx_word' id='word_1_72' title='bbox 958 1038 1153 1136; x_wconf 70' lang='lat' dir='ltr'><strong>suscipere?</strong></span> <span class='ocrx_word' id='word_1_73' title='bbox 1197 1124 1199 1129; x_wconf 23' lang='lat'><strong>¹</strong></span> <span class='ocrx_word' id='word_1_74' title='bbox 1218 1060 1219 1066; x_wconf 47' lang='lat'>¹</span> 
     </span>
     <span class='ocr_line' id='line_1_10' title="bbox 89 1135 1241 1236; baseline -0.001 -23"><span class='ocrx_word' id='word_1_75' title='bbox 89 1135 224 1231; x_wconf 85' lang='lat' dir='ltr'><strong>Neque</strong></span> <span class='ocrx_word' id='word_1_76' title='bbox 242 1143 338 1216; x_wconf 89' lang='lat' dir='ltr'><strong>enim</strong></span> <span class='ocrx_word' id='word_1_77' title='bbox 358 1145 472 1217; x_wconf 90' lang='lat' dir='ltr'><strong>homo</strong></span> <span class='ocrx_word' id='word_1_78' title='bbox 496 1141 548 1217; x_wconf 85' lang='lat' dir='ltr'><strong>est</strong></span> <span class='ocrx_word' id='word_1_79' title='bbox 570 1145 631 1236; x_wconf 89' lang='lat' dir='ltr'><strong>qui</strong></span> <span class='ocrx_word' id='word_1_80' title='bbox 648 1144 779 1219; x_wconf 90' lang='lat' dir='ltr'><strong>dicitur</strong></span> <span class='ocrx_word' id='word_1_81' title='bbox 795 1142 960 1216; x_wconf 81' lang='lat' dir='ltr'><strong>cecidiffe</strong></span> <span class='ocrx_word' id='word_1_82' title='bbox 975 1143 1021 1215; x_wconf 91' lang='lat' dir='ltr'><strong>de</strong></span> <span class='ocrx_word' id='word_1_83' title='bbox 1037 1143 1153 1226; x_wconf 87' lang='lat' dir='ltr'><strong>coelo,</strong></span> <span class='ocrx_word' id='word_1_84' title='bbox 1239 1196 1241 1201; x_wconf 23' lang='lat' dir='ltr'><strong>a</strong></span> 
     </span>
     <span class='ocr_line' id='line_1_11' title="bbox 57 1238 1155 1337; baseline 0.002 -28"><span class='ocrx_word' id='word_1_85' title='bbox 57 1272 64 1281; x_wconf 40' lang='grc' dir='ltr'><em>ν</em></span> <span class='ocrx_word' id='word_1_86' title='bbox 88 1240 154 1310; x_wconf 89' lang='lat' dir='ltr'><strong>vel</strong></span> <span class='ocrx_word' id='word_1_87' title='bbox 169 1242 231 1331; x_wconf 86' lang='lat' dir='ltr'><strong>qui</strong></span> <span class='ocrx_word' id='word_1_88' title='bbox 252 1240 399 1314; x_wconf 86' lang='lat' dir='ltr'><strong>Lucifer</strong></span> <span class='ocrx_word' id='word_1_89' title='bbox 412 1242 508 1337; x_wconf 88' lang='lat' dir='ltr'><strong>suit,</strong></span> <span class='ocrx_word' id='word_1_90' title='bbox 544 1245 606 1317; x_wconf 91' lang='lat' dir='ltr'><strong>vel</strong></span> <span class='ocrx_word' id='word_1_91' title='bbox 627 1244 687 1334; x_wconf 89' lang='lat' dir='ltr'><strong>qui</strong></span> <span class='ocrx_word' id='word_1_92' title='bbox 708 1265 814 1317; x_wconf 90' lang='lat' dir='ltr'><strong>mane</strong></span> <span class='ocrx_word' id='word_1_93' title='bbox 837 1245 1032 1317; x_wconf 82' lang='lat' dir='ltr'><strong>oriebatur.</strong></span> <span class='ocrx_word' id='word_1_94' title='bbox 1082 1238 1155 1312; x_wconf 88' lang='lat' dir='ltr'><strong>Sed</strong></span> 
     </span>
     <span class='ocr_line' id='line_1_12' title="bbox 89 1337 1155 1436; baseline 0 -24"><span class='ocrx_word' id='word_1_95' title='bbox 89 1337 153 1412; x_wconf 89' lang='lat' dir='ltr'><strong>isla</strong></span> <span class='ocrx_word' id='word_1_96' title='bbox 169 1340 405 1416; x_wconf 87' lang='lat' dir='ltr'><strong>nibilominus</strong></span> <span class='ocrx_word' id='word_1_97' title='bbox 421 1364 498 1435; x_wconf 84' lang='lat' dir='ltr'><strong>quae</strong></span> <span class='ocrx_word' id='word_1_98' title='bbox 517 1344 555 1416; x_wconf 91' lang='lat' dir='ltr'><strong>in</strong></span> <span class='ocrx_word' id='word_1_99' title='bbox 568 1340 766 1418; x_wconf 85' lang='lat' dir='ltr'><strong>Ezechiele</strong></span> <span class='ocrx_word' id='word_1_100' title='bbox 780 1340 871 1417; x_wconf 74' lang='lat' dir='ltr'><strong>ditia</strong></span> <span class='ocrx_word' id='word_1_101' title='bbox 886 1341 968 1416; x_wconf 91' lang='lat' dir='ltr'><strong>sunt</strong></span> <span class='ocrx_word' id='word_1_102' title='bbox 981 1341 1027 1414; x_wconf 87' lang='lat' dir='ltr'><strong>de</strong></span> <span class='ocrx_word' id='word_1_103' title='bbox 1041 1337 1155 1436; x_wconf 84' lang='lat' dir='ltr'>AEgy-</span> 
     </span>
     <span class='ocr_line' id='line_1_13' title="bbox 90 1441 1209 1540; baseline 0.003 -31"><span class='ocrx_word' id='word_1_104' title='bbox 90 1448 185 1531; x_wconf 89' lang='lat' dir='ltr'><strong>pto,</strong></span> <span class='ocrx_word' id='word_1_105' title='bbox 218 1443 382 1514; x_wconf 88' lang='lat' dir='ltr'><strong>velutin</strong></span> <span class='ocrx_word' id='word_1_106' title='bbox 408 1442 637 1540; x_wconf 84' lang='lat' dir='ltr'><strong>quadraginta</strong></span> <span class='ocrx_word' id='word_1_107' title='bbox 656 1443 760 1518; x_wconf 82' lang='lat' dir='ltr'><strong>annis</strong></span> <span class='ocrx_word' id='word_1_108' title='bbox 783 1441 1073 1531; x_wconf 80' lang='lat' dir='ltr'><strong>exterminanda,</strong></span> <span class='ocrx_word' id='word_1_109' title='bbox 1104 1442 1158 1512; x_wconf 85' lang='lat' dir='ltr'><strong>ita</strong></span> <span class='ocrx_word' id='word_1_110' title='bbox 1207 1460 1209 1467; x_wconf 79' lang='grc'><strong>’</strong></span> 
     </span>
     <span class='ocr_line' id='line_1_14' title="bbox 90 1539 1156 1635; baseline 0.005 -27"><span class='ocrx_word' id='word_1_111' title='bbox 90 1549 135 1635; x_wconf 84' lang='lat' dir='ltr'><strong>ut</strong></span> <span class='ocrx_word' id='word_1_112' title='bbox 150 1558 215 1631; x_wconf 80' lang='lat' dir='ltr'><strong>pes</strong></span> <span class='ocrx_word' id='word_1_113' title='bbox 238 1539 396 1616; x_wconf 86' lang='lat' dir='ltr'><strong>hominis</strong></span> <span class='ocrx_word' id='word_1_114' title='bbox 418 1561 497 1615; x_wconf 92' lang='lat' dir='ltr'><strong>non</strong></span> <span class='ocrx_word' id='word_1_115' title='bbox 517 1543 726 1616; x_wconf 91' lang='lat' dir='ltr'><strong>inveniatur</strong></span> <span class='ocrx_word' id='word_1_116' title='bbox 747 1544 785 1616; x_wconf 89' lang='lat' dir='ltr'><strong>in</strong></span> <span class='ocrx_word' id='word_1_117' title='bbox 807 1563 873 1631; x_wconf 92' lang='lat' dir='ltr'><strong>ea,</strong></span> <span class='ocrx_word' id='word_1_118' title='bbox 900 1540 990 1614; x_wconf 88' lang='lat' dir='ltr'><strong>&amp;in</strong></span> <span class='ocrx_word' id='word_1_119' title='bbox 1012 1550 1156 1613; x_wconf 88' lang='lat' dir='ltr'><strong>tantum</strong></span> 
     </span>
     <span class='ocr_line' id='line_1_15' title="bbox 90 1639 1158 1834; baseline -0.012 -22.012"><span class='ocrx_word' id='word_1_120' title='bbox 90 1639 370 1833; x_wconf 52' lang='lat' dir='ltr'><strong>{crastin</strong></span> <span class='ocrx_word' id='word_1_121' title='bbox 387 1653 439 1813; x_wconf 74' lang='lat' dir='ltr'><strong>n</strong></span> <span class='ocrx_word' id='word_1_122' title='bbox 453 1656 950 1834; x_wconf 55' lang='lat' dir='ltr'><strong>{trutinantur</strong></span> <span class='ocrx_word' id='word_1_123' title='bbox 963 1641 1158 1832; x_wconf 66' lang='lat' dir='ltr'><strong>illul</strong></span> 
     </span>
     <span class='ocr_line' id='line_1_16' title="bbox 91 1831 1156 1935; baseline 0.004 -30"><span class='ocrx_word' id='word_1_124' title='bbox 91 1831 278 1912; x_wconf 66' lang='lat' dir='ltr'><strong>tellectum</strong></span> <span class='ocrx_word' id='word_1_125' title='bbox 302 1840 439 1912; x_wconf 89' lang='lat' dir='ltr'><strong>habens</strong></span> <span class='ocrx_word' id='word_1_126' title='bbox 462 1840 537 1912; x_wconf 94' lang='lat' dir='ltr'><strong>hoc</strong></span> <span class='ocrx_word' id='word_1_127' title='bbox 560 1838 606 1912; x_wconf 89' lang='lat' dir='ltr'><strong>de</strong></span> <span class='ocrx_word' id='word_1_128' title='bbox 630 1837 795 1935; x_wconf 87' lang='lat' dir='ltr'><strong>AEgypto</strong></span> <span class='ocrx_word' id='word_1_129' title='bbox 820 1838 884 1912; x_wconf 90' lang='lat' dir='ltr'><strong>ista</strong></span> <span class='ocrx_word' id='word_1_130' title='bbox 906 1854 1049 1911; x_wconf 87' lang='lat' dir='ltr'><strong>terrena</strong></span> <span class='ocrx_word' id='word_1_131' title='bbox 1076 1857 1156 1928; x_wconf 87' lang='lat' dir='ltr'><strong>quae</strong></span> 
     </span>
     <span class='ocr_line' id='line_1_17' title="bbox 92 1931 1157 2033; baseline 0.006 -29"><span class='ocrx_word' id='word_1_132' title='bbox 92 1931 291 2028; x_wconf 87' lang='lat' dir='ltr'><strong>AEtbiopiae</strong></span> <span class='ocrx_word' id='word_1_133' title='bbox 312 1938 470 2033; x_wconf 82' lang='lat' dir='ltr'><strong>adjacet,</strong></span> <span class='ocrx_word' id='word_1_134' title='bbox 496 1935 601 2032; x_wconf 87' lang='lat' dir='ltr'><strong>possit</strong></span> <span class='ocrx_word' id='word_1_135' title='bbox 619 1938 821 2014; x_wconf 88' lang='lat' dir='ltr'><strong>advertere.</strong></span> <span class='ocrx_word' id='word_1_136' title='bbox 873 1937 943 2011; x_wconf 88' lang='lat' dir='ltr'><strong>Sed</strong></span> <span class='ocrx_word' id='word_1_137' title='bbox 959 1934 1157 2010; x_wconf 88' lang='lat' dir='ltr'><strong>videndum</strong></span> 
     </span>
     <span class='ocr_line' id='line_1_18' title="bbox 93 2030 1158 2135; baseline 0.003 -33"><span class='ocrx_word' id='word_1_138' title='bbox 93 2030 147 2104; x_wconf 83' lang='lat' dir='ltr'><strong>est</strong></span> <span class='ocrx_word' id='word_1_139' title='bbox 161 2054 208 2104; x_wconf 90' lang='lat' dir='ltr'><strong>ne</strong></span> <span class='ocrx_word' id='word_1_140' title='bbox 222 2033 319 2109; x_wconf 86' lang='lat' dir='ltr'><strong>sorte</strong></span> <span class='ocrx_word' id='word_1_141' title='bbox 335 2041 385 2109; x_wconf 89' lang='lat' dir='ltr'><strong>ita</strong></span> <span class='ocrx_word' id='word_1_142' title='bbox 401 2038 539 2134; x_wconf 85' lang='lat' dir='ltr'><strong>dignius</strong></span> <span class='ocrx_word' id='word_1_143' title='bbox 552 2036 658 2130; x_wconf 83' lang='lat' dir='ltr'><strong>possit</strong></span> <span class='ocrx_word' id='word_1_144' title='bbox 671 2039 846 2135; x_wconf 85' lang='lat' dir='ltr'><strong>intelligi,</strong></span> <span class='ocrx_word' id='word_1_145' title='bbox 873 2037 971 2127; x_wconf 92' lang='lat' dir='ltr'><strong>quod</strong></span> <span class='ocrx_word' id='word_1_146' title='bbox 982 2037 1073 2109; x_wconf 81' lang='lat' dir='ltr'><strong>sicut</strong></span> <span class='ocrx_word' id='word_1_147' title='bbox 1088 2055 1158 2106; x_wconf 86' lang='lat' dir='ltr'><strong>coe·</strong></span> 
     </span>
     <span class='ocr_line' id='line_1_19' title="bbox 87 2129 1157 2234; baseline 0.001 -28"><span class='ocrx_word' id='word_1_148' title='bbox 87 2129 190 2206; x_wconf 84' lang='lat' dir='ltr'><strong>sestis</strong></span> <span class='ocrx_word' id='word_1_149' title='bbox 207 2133 258 2209; x_wconf 88' lang='lat' dir='ltr'><strong>est</strong></span> <span class='ocrx_word' id='word_1_150' title='bbox 273 2136 466 2231; x_wconf 86' lang='lat' dir='ltr'><strong>Jerusalem</strong></span> <span class='ocrx_word' id='word_1_151' title='bbox 488 2135 676 2231; x_wconf 84' lang='lat' dir='ltr'><strong>&amp;Judaea‚</strong></span> <span class='ocrx_word' id='word_1_152' title='bbox 704 2137 841 2234; x_wconf 82' lang='lat' dir='ltr'><strong>&amp;gena</strong></span> <span class='ocrx_word' id='word_1_153' title='bbox 857 2138 931 2211; x_wconf 84' lang='lat' dir='ltr'><strong>sne</strong></span> <span class='ocrx_word' id='word_1_154' title='bbox 949 2136 1060 2208; x_wconf 91' lang='lat' dir='ltr'><strong>dubio</strong></span> <span class='ocrx_word' id='word_1_155' title='bbox 1077 2155 1157 2227; x_wconf 80' lang='lat' dir='ltr'><strong>quae</strong></span> 
     </span>
     <span class='ocr_line' id='line_1_20' title="bbox 88 2231 1159 2331; baseline 0.002 -27"><span class='ocrx_word' id='word_1_156' title='bbox 88 2231 294 2307; x_wconf 69' lang='lat' dir='ltr'><strong>habitaturi</strong></span> <span class='ocrx_word' id='word_1_157' title='bbox 319 2257 391 2329; x_wconf 88' lang='lat' dir='ltr'><strong>ea,</strong></span> <span class='ocrx_word' id='word_1_158' title='bbox 425 2256 503 2328; x_wconf 85' lang='lat' dir='ltr'><strong>quae</strong></span> <span class='ocrx_word' id='word_1_159' title='bbox 530 2237 661 2309; x_wconf 91' lang='lat' dir='ltr'><strong>dicitur</strong></span> <span class='ocrx_word' id='word_1_160' title='bbox 683 2235 811 2331; x_wconf 88' lang='lat' dir='ltr'><strong>Israel,</strong></span> <span class='ocrx_word' id='word_1_161' title='bbox 847 2239 900 2311; x_wconf 89' lang='lat' dir='ltr'><strong>ita</strong></span> <span class='ocrx_word' id='word_1_162' title='bbox 920 2233 1081 2329; x_wconf 81' lang='lat' dir='ltr'><strong>possibile</strong></span> <span class='ocrx_word' id='word_1_163' title='bbox 1107 2231 1159 2311; x_wconf 78' lang='lat' dir='ltr'><strong>esi</strong></span> 
     </span>
     <span class='ocr_line' id='line_1_21' title="bbox 94 2332 1158 2430; baseline 0.003 -26"><span class='ocrx_word' id='word_1_164' title='bbox 94 2333 204 2404; x_wconf 85' lang='lat' dir='ltr'><strong>etiam</strong></span> <span class='ocrx_word' id='word_1_165' title='bbox 218 2335 338 2408; x_wconf 90' lang='lat' dir='ltr'><strong>vicina</strong></span> <span class='ocrx_word' id='word_1_166' title='bbox 352 2337 407 2408; x_wconf 88' lang='lat' dir='ltr'><strong>his</strong></span> <span class='ocrx_word' id='word_1_167' title='bbox 418 2338 502 2409; x_wconf 89' lang='lat' dir='ltr'><strong>loca</strong></span> <span class='ocrx_word' id='word_1_168' title='bbox 519 2335 589 2409; x_wconf 87' lang='lat' dir='ltr'><strong>esse</strong></span> <span class='ocrx_word' id='word_1_169' title='bbox 607 2336 785 2429; x_wconf 84' lang='lat' dir='ltr'><strong>quaedam,</strong></span> <span class='ocrx_word' id='word_1_170' title='bbox 811 2357 889 2428; x_wconf 82' lang='lat' dir='ltr'><strong>quae</strong></span> <span class='ocrx_word' id='word_1_171' title='bbox 902 2336 964 2407; x_wconf 87' lang='lat' dir='ltr'><strong>uel</strong></span> <span class='ocrx_word' id='word_1_172' title='bbox 976 2332 1158 2430; x_wconf 83' lang='lat' dir='ltr'><strong>AEgyptoa</strong></span> 
     </span>
     <span class='ocr_line' id='line_1_22' title="bbox 92 2430 1158 2531; baseline 0.004 -29"><span class='ocrx_word' id='word_1_173' title='bbox 92 2433 157 2503; x_wconf 90' lang='lat' dir='ltr'><strong>vel</strong></span> <span class='ocrx_word' id='word_1_174' title='bbox 170 2430 356 2531; x_wconf 82' lang='lat' dir='ltr'><strong>Babylon,</strong></span> <span class='ocrx_word' id='word_1_175' title='bbox 381 2433 600 2528; x_wconf 82' lang='lat' dir='ltr'><strong>velTyrus,</strong></span> <span class='ocrx_word' id='word_1_176' title='bbox 625 2439 687 2510; x_wconf 91' lang='lat' dir='ltr'><strong>vel</strong></span> <span class='ocrx_word' id='word_1_177' title='bbox 702 2436 816 2530; x_wconf 88' lang='lat' dir='ltr'><strong>Sidon</strong></span> <span class='ocrx_word' id='word_1_178' title='bbox 827 2435 997 2530; x_wconf 88' lang='lat' dir='ltr'><strong>appellari</strong></span> <span class='ocrx_word' id='word_1_179' title='bbox 1012 2432 1158 2506; x_wconf 86' lang='lat' dir='ltr'><strong>videan·</strong></span> 
     </span>
     <span class='ocr_line' id='line_1_23' title="bbox 93 2530 1161 2631; baseline 0.01 -31"><span class='ocrx_word' id='word_1_180' title='bbox 93 2540 175 2622; x_wconf 86' lang='lat' dir='ltr'><strong>tur,</strong></span> <span class='ocrx_word' id='word_1_181' title='bbox 204 2553 402 2626; x_wconf 87' lang='lat' dir='ltr'><strong>eorumque</strong></span> <span class='ocrx_word' id='word_1_182' title='bbox 423 2536 593 2609; x_wconf 90' lang='lat' dir='ltr'><strong>locorum</strong></span> <span class='ocrx_word' id='word_1_183' title='bbox 617 2537 831 2631; x_wconf 86' lang='lat' dir='ltr'><strong>principes,</strong></span> <span class='ocrx_word' id='word_1_184' title='bbox 856 2548 964 2625; x_wconf 85' lang='lat' dir='ltr'><strong>atque</strong></span> <span class='ocrx_word' id='word_1_185' title='bbox 990 2535 1114 2607; x_wconf 86' lang='lat' dir='ltr'><strong>anlmae</strong></span> <span class='ocrx_word' id='word_1_186' title='bbox 1129 2530 1161 2611; x_wconf 79' lang='lat' dir='ltr'><strong>sa</strong></span> 
     </span>
     <span class='ocr_line' id='line_1_24' title="bbox 95 2630 1160 2731; baseline 0.003 -30"><span class='ocrx_word' id='word_1_187' title='bbox 95 2649 175 2720; x_wconf 77' lang='lat' dir='ltr'><strong>que</strong></span> <span class='ocrx_word' id='word_1_188' title='bbox 191 2632 307 2705; x_wconf 88' lang='lat' dir='ltr'><strong>inillis</strong></span> <span class='ocrx_word' id='word_1_189' title='bbox 325 2634 489 2706; x_wconf 89' lang='lat' dir='ltr'><strong>habitant</strong></span> <span class='ocrx_word' id='word_1_190' title='bbox 505 2637 619 2728; x_wconf 85' lang='lat' dir='ltr'><strong>locis,</strong></span> <span class='ocrx_word' id='word_1_191' title='bbox 646 2632 831 2731; x_wconf 87' lang='lat' dir='ltr'><strong>AEgyptii,</strong></span> <span class='ocrx_word' id='word_1_192' title='bbox 845 2633 1056 2727; x_wconf 80' lang='lat' dir='ltr'><strong>babylonii,</strong></span> <span class='ocrx_word' id='word_1_193' title='bbox 1080 2630 1160 2726; x_wconf 87' lang='lat' dir='ltr'><strong>Ty·</strong></span> 
     </span>
     <span class='ocr_line' id='line_1_25' title="bbox 94 2730 1160 2828; baseline 0.001 -26"><span class='ocrx_word' id='word_1_194' title='bbox 94 2731 162 2821; x_wconf 90' lang='lat' dir='ltr'><strong>rii,</strong></span> <span class='ocrx_word' id='word_1_195' title='bbox 189 2751 231 2804; x_wconf 87' lang='lat' dir='ltr'><strong>ac</strong></span> <span class='ocrx_word' id='word_1_196' title='bbox 248 2731 386 2805; x_wconf 90' lang='lat' dir='ltr'><strong>Sidonii</strong></span> <span class='ocrx_word' id='word_1_197' title='bbox 406 2733 644 2827; x_wconf 87' lang='lat' dir='ltr'><strong>appellentur.</strong></span> <span class='ocrx_word' id='word_1_198' title='bbox 698 2732 755 2807; x_wconf 83' lang='lat' dir='ltr'><strong>Ex</strong></span> <span class='ocrx_word' id='word_1_199' title='bbox 768 2735 897 2828; x_wconf 82' lang='lat' dir='ltr'><strong>quibus</strong></span> <span class='ocrx_word' id='word_1_200' title='bbox 914 2734 1022 2807; x_wconf 85' lang='lat' dir='ltr'><strong>etiarn</strong></span> <span class='ocrx_word' id='word_1_201' title='bbox 1036 2730 1160 2805; x_wconf 90' lang='lat' dir='ltr'><strong>secun·</strong></span> 
     </span>
     <span class='ocr_line' id='line_1_26' title="bbox 95 2827 1161 2926; baseline 0.001 -25"><span class='ocrx_word' id='word_1_202' title='bbox 95 2827 183 2902; x_wconf 90' lang='lat' dir='ltr'><strong>dum</strong></span> <span class='ocrx_word' id='word_1_203' title='bbox 205 2831 301 2905; x_wconf 89' lang='lat' dir='ltr'><strong>illam</strong></span> <span class='ocrx_word' id='word_1_204' title='bbox 320 2831 640 2906; x_wconf 85' lang='lat' dir='ltr'><strong>conversationem</strong></span> <span class='ocrx_word' id='word_1_205' title='bbox 663 2854 768 2926; x_wconf 83' lang='lat' dir='ltr'><strong>quana</strong></span> <span class='ocrx_word' id='word_1_206' title='bbox 784 2835 834 2908; x_wconf 86' lang='lat' dir='ltr'><strong>ibi</strong></span> <span class='ocrx_word' id='word_1_207' title='bbox 858 2833 1017 2922; x_wconf 87' lang='lat' dir='ltr'><strong>habent,</strong></span> <span class='ocrx_word' id='word_1_208' title='bbox 1049 2830 1161 2924; x_wconf 65' lang='lat' dir='ltr'><strong>capti»</strong></span> 
     </span>
     <span class='ocr_line' id='line_1_27' title="bbox 94 2928 1216 3027; baseline 0.002 -27"><span class='ocrx_word' id='word_1_209' title='bbox 94 2929 192 3002; x_wconf 85' lang='lat' dir='ltr'><strong>vitas</strong></span> <span class='ocrx_word' id='word_1_210' title='bbox 209 2931 368 3023; x_wconf 81' lang='lat' dir='ltr'><strong>quedam</strong></span> <span class='ocrx_word' id='word_1_211' title='bbox 388 2935 555 3004; x_wconf 88' lang='lat' dir='ltr'><strong>videatur</strong></span> <span class='ocrx_word' id='word_1_212' title='bbox 569 2928 697 3008; x_wconf 74' lang='lat' dir='ltr'><strong>euecta</strong></span> <span class='ocrx_word' id='word_1_213' title='bbox 712 2953 777 3027; x_wconf 89' lang='lat' dir='ltr'><strong>per</strong></span> <span class='ocrx_word' id='word_1_214' title='bbox 793 2930 899 3027; x_wconf 78' lang='lat' dir='ltr'><strong>&#39;quam</strong></span> <span class='ocrx_word' id='word_1_215' title='bbox 916 2932 961 3004; x_wconf 90' lang='lat' dir='ltr'><strong>de</strong></span> <span class='ocrx_word' id='word_1_216' title='bbox 978 2930 1100 3027; x_wconf 82' lang='lat' dir='ltr'><strong>Judea</strong></span> <span class='ocrx_word' id='word_1_217' title='bbox 1120 2932 1159 3003; x_wconf 91' lang='lat' dir='ltr'><strong>in</strong></span> <span class='ocrx_word' id='word_1_218' title='bbox 1212 2942 1216 2955; x_wconf 60' lang='lat'><em>¹</em></span> 
     </span>
     <span class='ocr_line' id='line_1_28' title="bbox 95 3023 1159 3202; baseline 0.004 -102"><span class='ocrx_word' id='word_1_219' title='bbox 95 3023 335 3122; x_wconf 86' lang='lat' dir='ltr'><strong>Babyloniam</strong></span> <span class='ocrx_word' id='word_1_220' title='bbox 356 3032 418 3105; x_wconf 87' lang='lat' dir='ltr'><strong>vel</strong></span> <span class='ocrx_word' id='word_1_221' title='bbox 435 3028 671 3129; x_wconf 81' lang='lat' dir='ltr'><strong>AEgyptuma</strong></span> <span class='ocrx_word' id='word_1_222' title='bbox 690 3030 951 3108; x_wconf 85' lang='lat' dir='ltr'><strong>melioribus&amp;</strong></span> <span class='ocrx_word' id='word_1_223' title='bbox 972 3029 1159 3202; x_wconf 53' lang='lat' dir='ltr'><strong>supgriori·</strong></span> 
     </span>
     <span class='ocr_line' id='line_1_29' title="bbox 949 3148 1108 3204; baseline 0.044 -7"><span class='ocrx_word' id='word_1_224' title='bbox 949 3193 951 3197; x_wconf 84' lang='grc'><em>,</em></span> <span class='ocrx_word' id='word_1_225' title='bbox 1067 3148 1108 3204; x_wconf 89' lang='lat' dir='ltr'><strong>us</strong></span> 
     </span>
    </p>
   </div>
   <div class='ocr_carea' id='block_1_3' title="bbox 321 3289 1068 3372">
    <p class='ocr_par' dir='ltr' id='par_1_3' title="bbox 321 3289 1068 3372">
     <span class='ocr_line' id='line_1_30' title="bbox 321 3289 1068 3372; baseline 0 -5"><span class='ocrx_word' id='word_1_226' title='bbox 321 3289 749 3371; x_wconf 76' lang='lat' dir='ltr'><strong>snrrnrnannrro</strong></span> <span class='ocrx_word' id='word_1_227' title='bbox 784 3315 932 3372; x_wconf 66' lang='lat' dir='ltr'><strong>nove</strong></span> <span class='ocrx_word' id='word_1_228' title='bbox 1066 3362 1068 3367; x_wconf 82' lang='grc'><strong>,</strong></span> 
     </span>
    </p>
   </div>
   <div class='ocr_carea' id='block_1_4' title="bbox 94 3429 1236 3933">
    <p class='ocr_par' dir='ltr' id='par_1_4' title="bbox 94 3429 1236 3933">
     <span class='ocr_line' id='line_1_31' title="bbox 94 3429 1162 3531; baseline 0.005 -25"><span class='ocrx_word' id='word_1_229' title='bbox 94 3430 155 3506; x_wconf 83' lang='lat' dir='ltr'><strong>sut</strong></span> <span class='ocrx_word' id='word_1_230' title='bbox 173 3429 249 3527; x_wconf 81' lang='lat' dir='ltr'><strong>eii,</strong></span> <span class='ocrx_word' id='word_1_231' title='bbox 277 3454 398 3527; x_wconf 88' lang='lat' dir='ltr'><strong>neque</strong></span> <span class='ocrx_word' id='word_1_232' title='bbox 418 3436 566 3512; x_wconf 87' lang='lat' dir='ltr'><strong>Lucifer</strong></span> <span class='ocrx_word' id='word_1_233' title='bbox 585 3449 680 3531; x_wconf 86' lang='lat' dir='ltr'><strong>erat,</strong></span> <span class='ocrx_word' id='word_1_234' title='bbox 713 3460 833 3531; x_wconf 89' lang='lat' dir='ltr'><strong>neque</strong></span> <span class='ocrx_word' id='word_1_235' title='bbox 853 3456 957 3513; x_wconf 85' lang='lat' dir='ltr'><strong>mane</strong></span> <span class='ocrx_word' id='word_1_236' title='bbox 976 3436 1162 3511; x_wconf 85' lang='lat' dir='ltr'><strong>oriebatur</strong></span> 
     </span>
     <span class='ocr_line' id='line_1_32' title="bbox 96 3531 1236 3628; baseline 0.007 -25"><span class='ocrx_word' id='word_1_237' title='bbox 96 3531 350 3626; x_wconf 87' lang='lat' dir='ltr'><strong>superterram</strong></span> <span class='ocrx_word' id='word_1_238' title='bbox 367 3536 714 3612; x_wconf 86' lang='lat' dir='ltr'><strong>Nabuchodonosor</strong></span> <span class='ocrx_word' id='word_1_239' title='bbox 727 3539 853 3616; x_wconf 80' lang='lat' dir='ltr'><strong>homo.</strong></span> <span class='ocrx_word' id='word_1_240' title='bbox 907 3536 977 3610; x_wconf 88' lang='lat' dir='ltr'><strong>Sed</strong></span> <span class='ocrx_word' id='word_1_241' title='bbox 995 3558 1065 3611; x_wconf 87' lang='lat' dir='ltr'><strong>nee</strong></span> <span class='ocrx_word' id='word_1_242' title='bbox 1081 3557 1161 3628; x_wconf 86' lang='lat' dir='ltr'><strong>quae</strong></span> <span class='ocrx_word' id='word_1_243' title='bbox 1232 3592 1236 3603; x_wconf 84' lang='lat'><strong><em>.</em></strong></span> 
     </span>
     <span class='ocr_line' id='line_1_33' title="bbox 99 3629 1160 3734; baseline 0.008 -33"><span class='ocrx_word' id='word_1_244' title='bbox 99 3632 195 3721; x_wconf 88' lang='lat' dir='ltr'><strong>apud</strong></span> <span class='ocrx_word' id='word_1_245' title='bbox 210 3629 442 3711; x_wconf 83' lang='lat' dir='ltr'><strong>Ezechielem</strong></span> <span class='ocrx_word' id='word_1_246' title='bbox 462 3637 507 3710; x_wconf 89' lang='lat' dir='ltr'><strong>de</strong></span> <span class='ocrx_word' id='word_1_247' title='bbox 523 3636 686 3734; x_wconf 83' lang='lat' dir='ltr'><strong>AEgypto</strong></span> <span class='ocrx_word' id='word_1_248' title='bbox 707 3639 885 3712; x_wconf 89' lang='lat' dir='ltr'><strong>habentur</strong></span> <span class='ocrx_word' id='word_1_249' title='bbox 899 3637 1000 3711; x_wconf 89' lang='lat' dir='ltr'><strong>annis</strong></span> <span class='ocrx_word' id='word_1_250' title='bbox 1015 3638 1160 3728; x_wconf 85' lang='lat' dir='ltr'><strong>quadra·</strong></span> 
     </span>
     <span class='ocr_line' id='line_1_34' title="bbox 97 3731 1162 3834; baseline -0.003 -32"><span class='ocrx_word' id='word_1_251' title='bbox 97 3731 198 3827; x_wconf 83' lang='lat' dir='ltr'><strong>ginta</strong></span> <span class='ocrx_word' id='word_1_252' title='bbox 214 3733 257 3806; x_wconf 83' lang='lat' dir='ltr'><strong>ad</strong></span> <span class='ocrx_word' id='word_1_253' title='bbox 275 3733 504 3811; x_wconf 86' lang='lat' dir='ltr'><strong>solitudinem</strong></span> <span class='ocrx_word' id='word_1_254' title='bbox 518 3738 710 3834; x_wconf 85' lang='lat' dir='ltr'><strong>redigenda</strong></span> <span class='ocrx_word' id='word_1_255' title='bbox 725 3752 766 3810; x_wconf 92' lang='lat' dir='ltr'><strong>ut</strong></span> <span class='ocrx_word' id='word_1_256' title='bbox 784 3751 903 3830; x_wconf 78' lang='lat' dir='ltr'><strong>neque</strong></span> <span class='ocrx_word' id='word_1_257' title='bbox 918 3737 1075 3812; x_wconf 88' lang='lat' dir='ltr'><strong>hominis</strong></span> <span class='ocrx_word' id='word_1_258' title='bbox 1096 3756 1162 3812; x_wconf 85' lang='lat' dir='ltr'><strong>ve.</strong></span> 
     </span>
     <span class='ocr_line' id='line_1_35' title="bbox 97 3829 1163 3933; baseline 0.006 -29"><span class='ocrx_word' id='word_1_259' title='bbox 97 3829 239 3930; x_wconf 81' lang='lat' dir='ltr'><strong>stigium</strong></span> <span class='ocrx_word' id='word_1_260' title='bbox 256 3832 545 3933; x_wconf 65' lang='lat' dir='ltr'><strong>inrepertum</strong></span> <span class='ocrx_word' id='word_1_261' title='bbox 570 3837 717 3910; x_wconf 84' lang='lat' dir='ltr'><strong>&amp;bello</strong></span> <span class='ocrx_word' id='word_1_262' title='bbox 739 3838 789 3914; x_wconf 91' lang='lat' dir='ltr'><strong>ita</strong></span> <span class='ocrx_word' id='word_1_263' title='bbox 805 3836 1021 3915; x_wconf 79' lang='lat' dir='ltr'><strong>devastanda</strong></span> <span class='ocrx_word' id='word_1_264' title='bbox 1036 3844 1079 3906; x_wconf 88' lang='lat' dir='ltr'><strong>ut</strong></span> <span class='ocrx_word' id='word_1_265' title='bbox 1097 3856 1163 3926; x_wconf 83' lang='lat' dir='ltr'><strong>pet</strong></span> 
     </span>
    </p>
   </div>
   <div class='ocr_carea' id='block_1_5' title="bbox 576 3932 1239 4045">
    <p class='ocr_par' dir='ltr' id='par_1_5' title="bbox 576 3932 1239 4045">
     <span class='ocr_line' id='line_1_36' title="bbox 576 3932 1239 4045; baseline -0.002 -42"><span class='ocrx_word' id='word_1_266' title='bbox 576 3932 700 4029; x_wconf 67' lang='grc' dir='ltr'><strong>Δις</strong></span> <span class='ocrx_word' id='word_1_267' title='bbox 1054 3951 1153 4023; x_wconf 53' lang='lat' dir='ltr'><strong>catu</strong></span> <span class='ocrx_word' id='word_1_268' title='bbox 1233 4034 1239 4045; x_wconf 86' lang='lat'>.</span> 
     </span>
    </p>
   </div>
   <div class='ocr_carea' id='block_1_6' title="bbox 0 0 1266 4254">
    <p class='ocr_par' dir='ltr' id='par_1_6' title="bbox 0 0 1266 4254">
     <span class='ocr_line' id='line_1_37' title="bbox 0 0 1266 4254; baseline 0 0"><span class='ocrx_word' id='word_1_269' title='bbox 0 0 1266 4254; x_wconf 95' lang='lat' dir='ltr'><strong> </strong></span> 
     </span>
    </p>
   </div>
  </div>
 </body>
</html>
