2498 4254
187 115 268 197 DE
314 108 656 205 PRINCIPIIS,
703 101 862 189 Liui
1000 128 1048 207 77,

64 284 146 377 elus
158 297 202 358 ut
214 276 376 375 fitPetri,
393 278 479 353 alius
489 288 532 351 ut
539 276 583 349 sit
594 272 715 357 Pauli:
737 285 819 351 tum
828 270 970 347 demum
981 292 1049 374 per

64 384 140 459 alos
154 382 383 459 minimorum
402 380 461 471 qui
477 374 609 451 suntin
628 369 804 469 Ecclesra,
824 376 884 467 qui
902 375 965 447 vel
986 374 1052 470 qui

64 486 133 559 ribi
143 482 283 581 singulis
298 481 454 557 debeant
469 476 611 575 Angeli,
629 475 689 566 qui
700 474 806 548 etiam
818 474 980 568 quotidie
993 475 1047 547 vi-
1093 482 1096 491 “

64 598 94 657 rt
112 584 242 657 faciem
256 582 343 655 Dei:
370 578 430 653 sed
447 578 481 651 &
496 579 574 670 quis
588 576 716 649 debeat
728 571 797 647 esse
810 574 972 672 Angelus
986 574 1047 669 qus

64 682 184 759 umdet
201 683 238 755 in
258 681 412 755 circuitu
426 678 625 752 timentium
640 674 770 751 Deum.
809 678 901 777 Quae
921 675 1048 769 utique'

64 786 106 857 ria
130 804 209 857 non
234 780 335 876 casu,
369 800 487 871 neque
510 776 665 851 fortuito
692 778 790 873 geri,
821 798 939 870 neque
965 778 1048 871 quia

64 884 194 957 naliter
229 882 317 955 tales
352 877 435 953 fasti
467 876 575 971 sunt,
602 875 867 980 existimandum
900 876 974 973 est,
999 900 1048 953 ne

64 1006 91 1057 n
107 984 144 1056 in
162 983 235 1055 hoc
256 978 401 1056 factoris
427 975 642 1070 inaequalitas
664 972 872 1050 accusetur:
896 978 956 1053 sed
976 998 1046 1076 pro
1127 1050 1136 1067 ,

64 1084 117 1157 itis
139 1082 174 1156 u
194 1082 386 1155 vitutibus
412 1101 454 1152 ac
473 1098 543 1171 pro
565 1076 843 1169 unjuscujusque
863 1080 993 1176 vigore
1010 1077 1048 1177 dt

64 1184 127 1257 nio
156 1180 287 1256 deferri
303 1202 323 1253 a
335 1178 515 1273 iustislimo
541 1176 576 1251 dc
600 1176 786 1271 aquiffimo
811 1178 1050 1265 moderatore

64 1285 145 1357 tium
171 1280 389 1355 credendum
414 1277 466 1353 est
489 1276 586 1353 Deo.
703 1346 706 1359 ,
1045 1358 1048 1365 ,

64 1404 90 1461 t.
117 1381 179 1455 De
196 1383 250 1455 his
268 1400 360 1455 veto
380 1382 440 1472 qui
453 1394 596 1451 naturas
612 1373 680 1451 else
696 1372 867 1472 spiritales
888 1376 1046 1457 diversas

64 1494 176 1575 nant,
205 1480 336 1572 aliquid
357 1480 576 1553 dicemusne
595 1476 693 1553 sorte
712 1478 933 1556 incurramus
949 1482 986 1557 in
1004 1484 1047 1557 il·

64 1583 197 1675 ineptas
223 1594 330 1671 atque
356 1579 479 1676 impias
505 1578 640 1652 fabulas
666 1598 793 1657 eorum
817 1582 878 1675 qui
900 1595 1050 1657 naturas

63 1683 153 1755 tales
172 1679 326 1754 diversas
348 1678 383 1753 dt
405 1681 455 1753 ob
479 1679 553 1753 hoc
578 1700 598 1753 a
621 1678 765 1753 diversas
793 1680 1046 1759 conditoribus

64 1795 177 1874 tutas,
204 1783 328 1855 tamin
346 1779 540 1853 celestibus
561 1800 666 1873 quam
682 1781 789 1853 etiarn
802 1786 896 1855 inter
913 1785 1047 1859 animas

64 1884 168 1955 riuum
193 1878 353 1978 fingunt:
393 1879 476 1953 dum
503 1882 536 1951 dt
561 1880 624 1951 uni
649 1880 835 1972 eidemque
860 1880 1047 1957 conditori

64 1979 138 2055 usas
171 1994 314 2054 naturas
340 1978 606 2053 rationabilium
632 1993 876 2053 creaturarnm
899 1975 1049 2057 adscribi

64 2094 126 2154 :tur
144 2080 352 2174 absurdum,
386 2079 475 2152 ficut
494 2099 582 2152 vere
600 2074 787 2155 absurdum
808 2078 884 2175 est,
912 2078 947 2153 u
966 2101 1049 2154 cau-

75 2194 196 2255 tamen
227 2183 301 2273 ejus
333 2180 546 2252 diversrtatis
575 2180 754 2275 ignorant.
806 2178 921 2253 Aiunt
952 2184 1049 2257 enim

64 2278 204 2374 sequens
221 2303 297 2353 non
318 2280 432 2353 videri
455 2295 496 2350 ut
520 2300 612 2351 unus
633 2293 740 2371 atque
758 2279 851 2353 idem
875 2280 1049 2356 conditor

64 2378 251 2454 texstante
267 2378 369 2453 causa
386 2379 620 2469 meritorum,
647 2380 721 2451 aliis
740 2378 958 2473 potestatem
983 2383 1049 2457 do·

64 2480 187 2553 ationis
212 2481 397 2575 injungat,
435 2480 524 2550 alios
563 2474 725 2569 subjiciat
752 2480 1047 2577 dominantibus,

70 2581 206 2653 tribuat
219 2581 477 2673 principatum,
505 2578 594 2649 alios
619 2574 794 2673 subjeslos
823 2579 931 2653 faciat
952 2584 1048 2674 prin·

64 2702 119 2755 rus
134 2678 215 2756 esse.
268 2680 358 2781 Quae
381 2679 505 2769 utique
530 2678 651 2751 omnia
677 2674 739 2775 (ut
764 2700 834 2775 ego
862 2678 1048 2781 existimo)
1118 2758 1121 2763 ,

64 2776 238 2873 Γεᾳιιεῐιῑίει
258 2779 407 2852 tationis
424 2778 528 2869 huJus
555 2798 659 2868 quam
675 2776 777 2874 supra
794 2777 1048 2876 exposuimus,
1117 2770 1123 2785 “

64 2880 161 2976 rguit
178 2895 283 2974 atque
299 2878 486 2969 confutat,
503 2896 689 2972 perquam
712 2876 814 2951 causa
834 2878 1048 2955 diversitatis

64 2980 229 3052 'arietatis
253 2981 289 3052 in
313 2978 453 3076 srngulis
478 2978 677 3069 quibusque
698 2978 871 3051 creaturis
895 2978 1050 3053 ostendi·

64 3098 77 3149 r
111 3100 158 3152 ex
190 3077 343 3173 ipsarum
376 3076 535 3163 motibus
573 3077 636 3151 vel
671 3077 960 3172 ardentioribus,
984 3079 1049 3161 vel

64 3177 219 3273 iuribus,
244 3177 436 3251 secundum
459 3177 654 3269 virtutem,
680 3179 741 3249 vel
761 3175 953 3251 secundum
976 3200 1050 3253 ma·

64 3302 115 3373 n,
141 3298 218 3351 non
245 3283 291 3351 e‘x
316 3274 542 3373 dispensantis
562 3278 801 3368 inaequalitate
820 3275 1047 3355 descendere.

83 3399 157 3471 quo
188 3378 326 3451 facilius
359 3380 435 3450 haec
461 3376 510 3447 ita
542 3374 612 3449 esse
643 3376 680 3448 in
706 3374 900 3449 caeleslibus
926 3364 1048 3475 agnos·

64 3499 129 3573 ur,
167 3479 213 3552 de
244 3478 297 3551 bis
324 3497 401 3569 quae
424 3477 520 3549 inter
544 3476 707 3550 homines
732 3475 834 3571 ;gesta
857 3475 959 3571 sunt,
984 3476 1049 3567 vel

64 3593 178 3670 ntur,
204 3576 428 3671 proferamus
449 3578 633 3668 exempla,
660 3588 702 3647 ut
721 3572 982 3668 consequenter
999 3589 1045 3649 ex

64 3678 176 3751 ilibus
202 3680 308 3751 etiam
335 3674 523 3750 invisbilia
548 3677 845 3767 contemplemur.
897 3675 1045 3751 Paulum

64 3776 205 3861 tetrum
216 3776 290 3859 sule
307 3776 418 3854 dubio
438 3773 600 3878 spiritalis
624 3787 761 3869 nature
784 3772 886 3853 suiss‘e
911 3768 1049 3875 confir-L

883 3884 993 3951 mant.
1045 3878 1051 3913 a
