2498 4254
0 186 133 285 7⁶
328 166 809 274 numu-rs
868 120 919 179 ²

119 380 138 412 η
166 356 264 413 vero
278 332 314 410 se
327 332 464 427 spiritui
476 335 660 427 junxerit,
685 335 724 409 in
736 332 865 429 spiritu
880 328 953 407 ess'e
971 333 1143 411 homiues

56 445 177 531 acit,
204 436 406 531 &propter
422 434 500 508 hoc
513 432 690 527 spiritales
703 432 896 508 nominari.
949 434 1066 535 Quod
1081 436 1142 508 de-

4 552 201 639 fignare
218 532 420 629 Apostolus
437 532 608 625 videtur,
645 552 727 605 cum
743 532 854 607 dicit:
894 538 959 607 Vos
977 556 1087 603 aurem
1103 540 1143 604 ns

7 664 164 731 ‘arne
181 661 251 706 non
271 636 365 729 «βίη
386 634 439 723 Jed
456 640 493 702 in
504 634 639 727 spirutu.
687 632 960 725 Requirendum
981 652 1074 729 ergo
1090 632 1142 706 est

8 760 147 840 quae
163 734 207 809 srt
226 732 378 806 omnino
392 730 470 805 haec
481 729 741 825 ipsavoluntas
754 734 850 804 inter
864 744 1010 807 carnem
1025 735 1062 804 dt
1076 730 1142 827 spi·

14 842 193 930 fitum,
209 846 340 925 praeter
351 852 428 907 eam
437 832 682 925 voluntatem,
693 852 772 922 quae
784 833 903 904 carnis
917 829 988 903 effe
999 834 1061 904 vei
1076 830 1142 925 spi·

20 940 160 1027 situs
177 932 320 1005 dicitur.
370 930 443 1003 Pro
455 943 558 1012 certo
570 950 725 1022 namque
735 930 890 1003 habetur
904 930 1005 1023 quod
1020 936 1141 1004 omnia

22 1052 304 1135 quecumque
321 1028 463 1123 spiritus
484 1026 554 1101 eise
574 1029 766 1123 dicuntur,
792 1032 966 1102 voluntas
986 1028 1030 1103 fit
1044 1028 1140 1125 spiri·

26 1152 147 1221 tus:
175 1130 211 1201 dt
229 1150 461 1221 quecumque
477 1148 590 1220 opera
618 1132 734 1203 carnis
756 1127 827 1201 effe
849 1128 1046 1225 dicuntur,
1073 1152 1140 1203 vo·

27 1230 249 1327 111ntass1t
267 1230 393 1304 camis.
445 1229 537 1327 Quae
559 1248 650 1323 ergo
672 1228 736 1301 ista
755 1226 807 1301 est
822 1242 955 1321 praeter
973 1228 1053 1301 haec
1074 1250 1138 1303 vu

30 1345 190 1427 juntas
208 1328 332 1401 animm
348 1348 426 1420 quae
448 1324 669 1400 extrinsecus
688 1329 920 1419 nominatur,
943 1348 1050 1421 quam
1074 1342 1139 1401 vo·-

36 1442 249 1523 juntatem
261 1430 392 1501 nolens
413 1446 482 1499 nos
502 1422 623 1497 facere
640 1425 844 1517 Apostolus
865 1426 972 1499 dicit:
1006 1432 1139 1501 Urnon

85 1550 270 1623 memus
284 1528 391 1597 vultis
409 1528 462 1595 ida
477 1518 641 1611 faciatis?
665 1524 708 1597 ln
730 1544 805 1617 quo
825 1526 902 1599 hoc
920 1526 1070 1599 videtur
1082 1526 1140 1601 de·

93 1626 229 1727 gnari,
265 1626 364 1717 quod
386 1636 518 1697 neutro
545 1640 592 1693 ex
614 1622 671 1696 his
691 1624 863 1719 duobus,
899 1624 937 1697 id
955 1625 1138 1721 estusque

53 1726 201 1817 carni,
231 1746 350 1817 neque
376 1721 509 1815 spiritui
534 1720 668 1794 debeat
693 1724 884 1800 adhaerere.
941 1724 1014 1799 Sed
1045 1728 1139 1801 dicet

58 1826 155 1932 quis
177 1824 259 1915 quia
275 1824 365 1897 ficut
381 1822 506 1897 melius
524 1822 670 1912 quidem
691 1822 743 1895 est
766 1827 890 1898 animae
911 1824 937 1897 ir
956 1830 1138 1921 propriam

56 1926 184 2021 faciat
198 1924 447 2011 uoluntatem,
472 1939 578 2009 quam
589 1935 631 1993 ut
639 1924 870 1996 voluntatem
883 1924 992 1997 faciat
1004 1925 1136 1999 carnis:

61 2038 125 2119 fic
140 2025 270 2095 iterum
280 2022 406 2119 meiius
421 2016 471 2091 est
482 2016 604 2093 facere
622 2023 854 2097 voluntatem
870 2021 1015 2117 spiritus
1028 2026 1137 2123 magis

63 2140 183 2227 quam
201 2120 387 2212 propriam
407 2116 649 2196 voluntatem.
703 2122 905 2313 quomodo
930 2144 1019 2221 ergo
1038 2124 1138 2218 Apo·

67 2222 189 2315 stolus
205 2216 277 2309 ait,
291 2233 340 2304 ¹ut
354 2242 420 2285 uun
432 2240 499 2313 que
516 2226 620 2291 vultis
641 2224 696 2291 ida
734 2221 874 2293 aciatis?
900 2224 1086 2323 Quoniam
1102 2224 1139 2297 in

71 2348 120 2409 ea
138 2334 257 2411 pugna
272 2335 351 2405 quae
367 2314 462 2388 inter
477 2336 622 2392 carnem
640 2318 849 2414 &spiritum
871 2322 1032 2417 geritur,
1064 2344 1140 2397 nou

73 2418 229 2507 omniuo
249 2408 391 2504 spiritus
413 2429 512 2488 certa
534 2416 688 2493 vistoria
713 2420 775 2496 est„
831 2420 1064 2495 Manifestum
1090 2420 1141 2497 est

73 2524 175 2609 enim
187 2510 358 2586 obtinere
371 2512 410 2586 in
428 2516 695 2610 quamplurimis
714 2540 866 2594 carnem.

159 2636 190 2707 3.
214 2610 355 2710 Verum
389 2616 558 2705 quoniam
589 2618 628 2691 in
653 2618 928 2713 disputationem
950 2618 1141 2691 incidimus

78 2708 298 2831 profundam
315 2710 355 2784 in
378 2734 448 2805 qua
469 2716 610 2791 necess‘e
636 2717 687 2791 est
704 2740 753 2793 ert
773 2718 913 2813 fingulis
941 2716 1142 2811 quibusque

79 2816 243 2930 partibus
271 2830 349 2902 quae
366 2812 514 2907 poiiunt
534 2822 698 2909 moveri,
725 2816 924 2890 discutere:
954 2818 1140 2891 videamus

81 2909 296 3011 „esortein
312 2911 488 2987 hocloco
507 2919 579 2990 tale
592 2918 722 3010 aliquid
739 2916 878 2989 trattati
892 2915 1034 3009 potest,
1059 2916 1141 3008 quis

83 3030 175 3109 ficut
188 3010 313 3088 melius
333 3011 385 3086 est
406 3016 528 3090 animae
542 3015 639 3108 sequi
654 3016 836 3111 spiritum,
868 3030 959 3089 tunc
978 3036 1061 3089 cum
1077 3016 1141 3108 spi·

85 3132 176 3207 ritus
191 3131 332 3185 caruem
348 3102 503 3210 vicerit,
528 3116 579 3189 ita
592 3116 734 3191 etiamsi
754 3115 897 3188 videtur
912 3117 944 3188 ei
958 3114 1029 3188 eiie
1045 3116 1142 3189 dete·

86 3232 161 3307 rius
177 3214 272 3306 sequi
288 3232 430 3289 carnem
444 3230 700 3313 repugnantem
720 3214 886 3288 adversus
902 3214 1084 3310 spiritum,
1108 3214 1141 3287 dt

88 3330 134 3407 sd
147 3320 182 3398 se
196 3333 373 3389 revocare
386 3316 538 3391 animam
550 3317 756 3409 volentem,
781 3314 1143 3389 tameuforteutilius

90 3427 257 3507 videatur
272 3414 429 3488 obtineri
450 3418 599 3491 animam
615 3437 636 3487 a
654 3435 784 3508 carne,
810 3432 915 3505 quam
934 3413 1089 3488 residere
1106 3414 1142 3487 iu

90 3531 159 3609 suis
173 3514 329 3619 propriis
342 3516 603 3589 voluntatibus.
652 3514 817 3605 Namque
827 3516 996 3606 quoniam
1006 3534 1079 3587 nec
1090 3533 1142 3585 ca·

92 3632 163 3709 lida
182 3620 311 3696 dicitur
328 3612 422 3709 eiie,
445 3637 514 3690 nec
536 3614 686 3711 frigida,
719 3611 829 3685 sedin
845 3615 967 3689 medio
988 3612 1144 3705 quodam

92 3744 224 3827 tepore
243 3714 464 3813 perdurans,
490 3715 626 3789 tardam
643 3715 677 3787 dt
696 3710 774 3785 satis
790 3710 967 3787 difficilem
991 3731 1145 3787 conver·

86 3836 227 3913 ponem
232 3818 375 3919 poterit
386 3816 561 3889 invenire.
611 3812 648 3885 Si
661 3832 751 3885 vero
769 3812 867 3887 carni
881 3813 1080 3903 adhereat,
1098 3828 1146 3883 ex

74 3934 133 4021 lris
150 3928 238 4035 ipfis
257 3916 449 4005 interdum
462 3916 662 4013 ww
675 3932 725 3988 21
738 3912 852 3991 Ἢ*
867 3914 969 3991 ‘iffi
983 3911 1143 4081 Ψξῑὲὶῑῐν
