2498 4254
276 143 354 221 nn
402 144 743 243 animemus,
792 100 1007 227 Luam.¹
1082 158 1162 251 ¹247

101 307 143 383 dr
161 328 225 381 eos
245 308 306 399 qui
327 307 638 381 adcontumeliam
657 305 771 403 fiunt,
798 300 890 401 quos¹
905 311 969 409 ipsi
988 309 1162 386 salvandae
1216 359 1220 365 -

105 406 144 481 dt
156 407 445 501 perditaenaturae
457 422 615 500 vorant,
638 409 796 499 jamnon
812 424 918 483 erunt
933 408 1078 507 diversae
1091 414 1162 485 ani·

91 527 242 587 ,marum
259 524 413 601 naturae,
441 506 499 579 sed
516 530 586 581 una
601 510 770 583 omnium.
820 506 870 581 Et
892 508 1160 603 fiaequiescunt

89 606 206 697 ,quod
225 627 316 679 unus
333 621 439 699 atque
454 608 548 681 idem
564 604 695 703 figulus
708 628 819 681 unum
839 608 911 681 fine
933 608 1043 683 dubio
1065 631 1161 707 crea·
1234 616 1241 635 ''

101 716 225 779 torem
243 706 418 802 designet,
445 707 572 780 diversi
593 729 669 781 non
693 723 798 780 erunt
820 722 1000 781 creatores
1021 712 1079 782 vel
1100 730 1161 782 eo·

101 824 184 877 rum
205 806 264 896 qui
284 802 484 901 salvantur,
510 810 572 880 vel
586 828 711 901 eorum
726 807 786 901 qui
802 823 965 901 pereunt.
1016 808 1093 903 Jarn
1113 806 1162 881 sa·

101 924 152 977 ne
180 906 314 1001 eligant
333 922 454 981 utrum
479 907 522 980 de
539 907 641 981 bono
667 898 782 981 velint
802 908 951 1003 intelligi
975 909 1034 1001 qui
1062 920 1161 980 creat

99 1004 272 1079 malos&
293 1005 479 1097 perditos,
506 1029 550 1079 an
563 1008 606 1080 de
624 1007 816 1083 nonbono
839 1009 897 1098 qui
924 1021 1022 1080 creat
1038 1008 1159 1079 bonos

87 1102 199 1175 dead
211 1105 389 1189 honorem
400 1118 556 1198 paratos.
607 1107 734 1205 Unum
743 1106 837 1183 enim
852 1130 872 1179 e
889 1106 1029 1181 duobus
1042 1104 1160 1179 neces-

99 1201 184 1275 sitas
207 1206 250 1275 ab
271 1207 320 1276 eis
341 1204 580 1300 responsionis
600 1218 806 1303 exporqttet
870 1204 1070 1283 Secundum
1094 1227 1160 1277 no·

86 1300 207 1375 .stram
231 1325 323 1377 vero
345 1302 572 1380 assertionem¹
590 1296 675 1403 (¹),
709 1316 777 1399 qua
802 1327 847 1387 ex
874 1306 1159 1403 precedentibus
1216 1388 1221 1395 ,

80 1401 212 1491 ,cauds
227 1402 346 1475 Deum
364 1405 509 1481 dicimus
527 1408 586 1479 vel
597 1407 640 1477 ad
655 1406 833 1479 honorem
844 1402 926 1478 vasa
939 1407 999 1479 vel
1015 1404 1058 1477 a'd
1074 1425 1160 1477 con-

98 1502 282 1575 tumeliam
306 1503 449 1593 facere,
475 1505 513 1578 in
537 1506 639 1579 nullo
673 1506 886 1599 approbatio
917 1502 992 1583 Dei
1019 1502 1160 1596 justitiae

98 1600 314 1677 coardtatur.
366 1602 527 1679 Poffibile
544 1628 696 1697 namque
713 1604 818 1677 estut
837 1627 901 1675 vas
912 1604 985 1676 hoc
998 1602 1161 1693 quod'ex

79 1700 280 1793 prioribus
297 1703 450 1777 caufisin
464 1704 537 1777 hoc
549 1705 683 1779 mundo
704 1704 747 1775 ad
758 1704 938 1777 honorem
952 1702 1080 1789 fadum
1095 1700 1158 1792 est,

94 1799 375 1896 finegligentius
388 1805 524 1898 egerit,
550 1824 618 1895 pro
638 1802 922 1877 conversationis
942 1800 1008 1873 suae
1023 1800 1158 1873 meritis

79 1897 137 1973 ..in
157 1900 227 1973 alio
252 1899 379 1973 saeculo
401 1900 573 1977 efficiatur
599 1925 662 1975 vas
687 1902 730 1976 ad
751 1902 1029 1987 contumeliam3
1070 1899 1159 1971 sicut

95 1996 233 2071 rursum
251 2000 274 2073 si
295 2002 370 2093 quis
392 2025 436 2075 ex
449 2002 732 2098 praecedentibus
751 1999 858 2072 causis
876 2000 912 2071 in
926 2000 993 2071 bac
1005 1998 1083 2069 vita
1093 2018 1158 2069 vas

95 2100 143 2171 ad
159 2103 414 2175 contumeliam
429 2124 449 2174 a
465 2115 630 2175 creatore
652 2101 827 2173 formatus
846 2097 918 2189 est,
946 2098 980 2169 dt
997 2096 1158 2170 ernenda-

95 2200 198 2271 verit
222 2197 255 2270 se
282 2213 388 2291 atque
409 2203 452 2275 ab
473 2202 638 2276 omnibus
664 2200 824 2295 sordibus
845 2199 1015 2288 vitiisque
1032 2216 1159 2291 purga-

93 2300 218 2390 verit,¹
242 2298 306 2370 illo
319 2321 424 2373 novo
441 2298 570 2375 saeculo
586 2298 707 2393 potest
716 2296 808 2372 effici
823 2320 887 2370 vas
904 2297 948 2369 ad
964 2299 1158 2387 honorem,
1190 2365 1193 2371 .

93 2394 371 2495 reedificatum,
399 2400 534 2475 &utile
551 2402 594 2473 ad
611 2422 718 2474 omne
730 2420 822 2491 opus
835 2400 973 2470 bonum
985 2410 1158 2489 paratum.

98 2494 271 2591 Denique
288 2501 348 2591 qui
361 2502 398 2574 in
415 2502 488 2576 hoc
501 2500 629 2575 seculo
647 2512 690 2573 ut
702 2496 865 2577 Israelitae
880 2496 1009 2669 ellentf,
1036 2517 1056 2568 a
1073 2492 1158 2667 la)eo
1193 2498 1201 2506 “

269 2608 281 2622 ’
994 2614 1074 2669 orm
1096 2638 1109 2653 ·

324 2758 749 2835 Iurenenurarro
783 2777 931 2833 novt.

94 2894 133 2969 o
147 2894 289 2971 Idumaei
304 2897 403 2994 sunt,
423 2897 656 2973 Israelitarum
669 2896 741 2971 fide
756 2896 934 2990 suscepta,
947 2893 1010 2967 ubi
1022 2888 1157 2965 frudlus
1190 2906 1194 2917 ·

92 3000 226 3071 uberes
243 2999 432 3091 dederint,
457 3001 494 3072 in
508 2998 702 3071 Eccleliam
719 2998 870 3071 Domini
887 2990 1157 3091 ingredientur,

52 3172 54 3177 .
91 3099 315 3193 nequeinter
328 3098 524 3195 AEgyptios
541 3096 781 3191 &Idumaeos,
807 3095 970 3171 sedinter
984 3089 1157 3166 israelitas

672 3220 697 3285 4
997 3210 1107 3263 annu-

147 3292 209 3393 (*)
238 3300 350 3392 Juxta
361 3322 416 3367 nos
431 3312 534 3369 autem
550 3321 588 3367 ex
596 3200 838 3395 pgaecedenrilns
855 3292 991 3372 meritis,
1004 3316 1064 3361 vas
1079 3288 1158 3385 quod

94 3398 295 3467 inhonorem
309 3399 419 3491 suerit
430 3395 649 3488 fabricatum,
668 3396 697 3490 fi
714 3419 780 3467 non
797 3398 925 3485 dignum
943 3388 1089 3461 vocabulo
1097 3388 1158 3478 suo

91 3516 173 3591 ,opus
180 3495 319 3588 fecerit,
344 3506 381 3567 iu
393 3499 455 3567 alio
464 3497 572 3586 sacculo
582 3499 648 3591 fiet
662 3522 721 3568 vos
736 3493 948 3575 contumeliae3
975 3488 1013 3567 d
1030 3490 1157 3577 rursum

64 3618 67 3623 ·
94 3622 157 3667 vas
173 3598 247 3665 illud
269 3601 348 3693 quod
367 3624 405 3667 ex
418 3602 577 3669 auteriori
597 3586 686 3693 culpa
702 3592 893 3665 contumelia
911 3615 1024 3661 nomen
1040 3608 1156 3683 accepe-

97 3712 170 3783 rat,
187 3695 218 3793 st
233 3701 270 3767 in
282 3699 427 3793 prestanti
444 3701 519 3768 vito
539 3703 650 3791 corrigi
665 3696 821 3780 voluerit,
849 3698 887 3761 in
899 3714 985 3761 nova
1000 3700 1156 3758 creatione
1231 3726 1233 3731 ·

83 3802 150 3893 fiet
174 3823 234 3867 vas
251 3797 485 3888 [aedificatum
505 3796 544 3873 (5
567 3798 648 3867 utile
672 3799 832 3873 Domino,
861 3792 899 3869 (5
916 3795 953 3861 in
975 3812 1063 3859 omne
1080 3806 1155 3881 opus

87 3912 252 4009 paritum.
299 3897 452 3977 Hieron.
468 3892 599 3987 Vetfio
614 3886 967 4005 torpuerunt·
998 3980 1002 3987 ,
