2498 4254
289 116 379 219 ,ns
427 126 761 239 irruemus,
802 98 966 225 ¹mut
1119 160 1203 271 19¹

83 304 193 400 satiris
211 288 287 402 duris
303 304 344 375 ad
373 308 566 394 uminum,
599 304 768 399 auferetur
787 306 953 383 velamen:
986 306 1040 383 uli
1058 324 1168 385 autent
1207 304 1209 313 ¹

85 408 223 503 spiritus
243 408 379 476 Domini
386 420 396 489 ,·
417 404 461 473 ili
477 405 616 477 libertas.
664 403 799 479 Donec
819 407 913 482 enim
930 409 1007 501 quis
1027 430 1104 484 non
1129 408 1168 487 se

44 536 48 615 i
91 505 321 578 converterit
340 503 383 576 ad
402 504 673 603 intelligentiam
694 503 907 600 spiritalem,
935 506 986 581 est
1008 508 1165 604 posrtum

89 600 382 699 velamensuper
404 624 470 675 cor
491 604 597 696 ejus,
637 624 711 695 quo
737 606 939 700 velamine,
977 606 1014 681 id
1037 607 1089 681 est
1110 609 1165 682 in·

90 701 327 799 intelligentia
347 700 509 777 crassiore
530 700 702 796 scriptura
720 701 792 799 ipsa
811 707 923 778 velari
948 706 1078 780 dicitur
1099 708 1169 785 vel·

91 815 262 898 putatur:
288 800 323 873 dt
347 803 420 875 hoc
443 801 612 895 estquod
636 804 686 874 ait
705 801 961 896 superpositum
980 805 1050 880 elie
1063 807 1169 882 vela·

92 923 173 978 meu
184 901 303 973 vultui
318 900 457 994 Moysis
474 923 553 974 cum
566 902 777 993 loqueretur
786 903 830 977 ad
844 906 1038 999 populum,
1057 906 1095 980 id
1109 904 1163 980 est
1215 930 1221 945 ’

94 1023 171 1075 cum
184 1001 247 1073 lex
259 999 372 1095 vulgo
389 1002 613 1078 recitaretur.
636 1001 672 1074 Si
689 1016 806 1075 autem
818 1016 1078 1078 convertamus
1091 1024 1168 1079 nos·

93 1100 367 1193 eunomium,
392 1101 456 1173 ubi
470 1099 568 1173 est&
586 1102 735 1174 verbum
757 1100 854 1197 Dei,
883 1103 916 1176 dr
933 1102 995 1176 ubi
1010 1101 1168 1197 Spiritus·

91 1198 222 1273 santus
247 1200 389 1272 revelat
413 1196 594 1273 scientiam
617 1197 831 1295 spiritalem,
865 1214 953 1274 tunc
978 1200 1165 1276 auferetur

72 1300 270 1391 ¹velamen,
297 1296 332 1370 dt
355 1310 443 1372 tunc
468 1300 630 1372 revelata
654 1299 745 1373 facie
769 1301 808 1375 in
832 1300 1011 1397 scripturis
1036 1300 1167 1393 fandis,
1192 1304 1199 1367 ἑ

94 1398 241 1497 gloriam
260 1396 412 1471 Domini
429 1395 696 1492 speculabimur.
1231 1466 1234 1471 .

142 1500 195 1591 ,3.
221 1495 295 1571 Sed
317 1497 352 1570 ἃ
372 1518 453 1570 cum
473 1498 517 1570 de
539 1498 673 1592 Spiritu
694 1495 813 1571 santio
833 1496 937 1572 multi
956 1497 1060 1574 santii
1082 1518 1171 1595 paro·

92 1595 263 1689 ticipant,
297 1616 375 1670 uon
398 1599 521 1690 utique
544 1618 675 1690 corpus
698 1598 843 1689 aliquod
865 1598 1015 1695 intelligi
1041 1598 1165 1693 potest

92 1694 241 1793 Spiritus
257 1692 415 1790 sanstus,
451 1696 549 1788 quod
576 1695 725 1770 divisum
747 1698 784 1769 in
807 1711 926 1790 partes
950 1701 1163 1794 corporales

93 1797 264 1889 percipiat
284 1793 519 1887 unusquisque
535 1793 754 1870 fundorum:
780 1794 844 1868 sed.
856 1797 973 1871 virtus
992 1796 1164 1891 profesto

92 1891 307 1969 tmuificans
332 1894 409 1968 est:
448 1895 549 1987 cujus
578 1895 804 1990 participium
832 1896 965 1969 habere
994 1896 1165 1971 dicuntur

99 2014 248 2087 omnes,
271 2014 294 2086 q
319 1994 421 2093 'uper
446 1995 523 2087 ejus
549 1995 697 2089 gratiam
722 1987 926 2066 sanstificari
950 1996 1162 2070 meruerint.

96 2085 143 2164 Et
159 2106 203 2164 ut
218 2016 354 2167 facil&
370 2092 468 2185 quod
492 2094 639 2166 dicimus
657 2092 763 2186 poilit
783 2091 958 2191 intelligi,
991 2114 1037 2166 ex
1053 2094 1163 2168 rebus

96 2192 253 2283 quamvis
271 2192 464 2286 imparibus
486 2191 659 2266 sumamus
681 2192 902 2285 exemplum:
950 2190 1063 2265 Multi
1079 2191 1163 2267 sunt

97 2291 151 2383 qui
165 2290 444 2384 disciplinaelive
458 2294 542 2366 artis
557 2291 739 2366 medicinae
752 2291 987 2386 participant,
1014 2290 1166 2366 &num-

44 2434 46 2445 ·
97 2391 175 2483 quid
192 2392 393 2485 putandum
414 2390 466 2465 est
490 2410 616 2465 omnes
642 2411 707 2464 eos
731 2392 793 2482 qui
813 2391 998 2463 medicinae
1019 2392 1169 2484 partici-

44 2504 46 2523 ²
96 2504 199 2584 pant,
235 2493 402 2584 corporis
432 2492 579 2583 alicuius
611 2490 708 2582 quod
733 2489 907 2563 medicina
935 2489 1088 2582 dicitur,
1123 2490 1164 2563 in

44 2614 48 2629 ’
96 2590 209 2663 medio
225 2589 333 2685 positi
354 2591 417 2664 sibi
437 2590 578 2664 auferre
599 2589 814 2682 perticatas,
841 2588 875 2661 st
893 2591 944 2661 ita
958 2590 1033 2683 ejus
1055 2590 1165 2683 parti·

44 2736 46 2745 ·
99 2690 223 2783 ripium
255 2688 425 2763 sumere?
461 2687 522 2762 An
539 2690 662 2785 potius
687 2688 956 2784 intelligendum
983 2687 1034 2761 est
1062 2686 1164 2780 quod

99 2789 297 2882 quicunque
305 2788 458 2883 promtis
471 2785 669 2881 paratisque
685 2789 865 2861 mentibus
876 2787 1095 2860 intelletium
1110 2804 1165 2859 ar·
1195 2794 1203 2813 ·’

44 2916 47 2941 >
99 2887 138 2979 tis
157 2888 266 2983 ipsius
288 2886 547 2985 disciplinaeque
565 2887 792 2981 percipiunt,
827 2887 862 2960 hi
881 2886 1064 2960 medicinae
1084 2905 1165 2978 par·

96 2986 241 3085 ticipare
257 2986 448 3061 dicantur?
471 2986 541 3061 Sed
557 2988 633 3060 haec
651 3006 727 3058 non
741 2986 891 3059 omnino
909 2985 1030 3058 similia
1044 3005 1164 3058 exem·

93 3088 148 3181 pla
162 3086 326 3184 putanda
345 3086 426 3160 sunt
442 3086 487 3160 de
513 3086 689 3160 medicina
709 3084 826 3158 santio
848 3085 994 3178 Spiritui
1019 3094 1165 3177 compa·

92 3200 186 3275 rata3
214 3187 277 3260 sed
299 3185 342 3259 ad
355 3188 429 3260 hoc
451 3185 702 3259 tantummodo
722 3184 1054 3277 comprobandum,
1081 3184 1165 3275 quia
1233 3188 1236 3195 '

90 3304 165 3360 non
188 3287 371 3359 continuo
398 3306 530 3378 corpus
553 3285 747 3379 putandum
770 3285 874 3356 estid
898 3284 998 3375 cujus
1021 3282 1165 3377 partici-

89 3387 190 3481 patio
209 3386 365 3459 habetur
380 3406 400 3458 a
416 3384 596 3478 plurimis:
621 3383 771 3476 Spiritus
792 3383 885 3456 enim
905 3380 1039 3456 santius
1054 3384 1163 3479 longe

89 3485 212 3559 differt
226 3484 445 3558 amedicinae
457 3483 599 3556 ratione
618 3484 679 3556 vel
689 3481 886 3574 disciplina:
911 3501 981 3575 pro
1001 3478 1164 3573 eoquod

87 3584 241 3679 Spiritus
264 3581 402 3657 santius
426 3580 642 3655 subsistentia
663 3581 714 3655 est
734 3578 999 3673 intellestualis‚
1027 3579 1060 3653 u
1078 3600 1165 3674 pro·

86 3685 164 3785 prie
185 3682 340 3761 subsistit
359 3684 396 3761 tr
415 3693 534 3759 extat:
556 3683 645 3758 nihil
661 3695 781 3759 autem
796 3683 867 3755 tale
888 3680 939 3757 est
952 3679 1138 3787 medicina.
1168 3774 1171 3781 Ι

596 3882 627 3965 Β
653 3903 674 3961 2
1000 3876 1134 3984 qSed
