2498 4254
62 116 71 125 “
218 134 297 215 DE
344 132 893 232 rulucrrrrs‚r1r.n.
1012 133 1087 235 ¹41²
1179 120 1182 125 ¹

58 301 195 395 :cipere
225 302 442 393 mereamur,
475 276 536 373 uel
569 314 767 391 quaerentes
791 299 986 395 invenire,
1018 306 1083 377 vel

58 398 250 473 ulsanubru
264 402 431 492 jubeatur
449 398 586 492 aperiri
637 396 728 470 Non
748 419 836 493 ergo
851 399 936 472 freti
954 401 1081 477 nostro

58 501 197 595 meniu,
218 495 278 571 sed
293 497 397 592 ipsius
409 495 583 591 sapientiae
601 498 732 570 auxilio
751 520 826 589 quae
838 497 925 571 fecit
938 501 1082 574 univer·

58 622 83 690 ι,
111 598 147 671 dt
156 598 386 711 jusiitiaeejus
405 595 627 688 quamineffe
640 600 823 669 creaturis
818 600 993 671 omnibus
1006 622 1081 675 cre-

58 698 169 790 linus,
189 697 339 770 interim
361 696 494 769 etiamsi
511 695 658 767 asserere
677 716 753 767 non
771 698 930 769 valemus
937 700 1080 792 ,ipsius

58 818 149 869 tmen
173 793 298 868 confisi
321 794 600 869 misericordia
589 797 769 885 inquirere
799 795 1082 890 perscrutarique

58 895 260 987 mtabirnus,
278 896 464 986 quomodo
485 894 548 967 ista
562 906 662 966 tanta
672 894 826 967 varietas
841 896 963 969 mundi
973 912 1081 989 atque

58 994 233 1087 iversitas,
256 996 355 1068 omni
366 993 500 1086 justitia
514 1015 554 1065 ac
567 994 709 1065 ratione
728 992 890 1067 constare
903 996 1080 1072 videatur.

58 1094 221 1169 ,ationem
238 1107 355 1166 autem
372 1093 454 1167 dico
470 1093 653 1166 dumtaxat
666 1096 886 1187 generalem
911 1115 993 1168 nani
1005 1095 1080 1189 spe·

58 1193 152 1265 'ulem
166 1193 404 1288 singulorum,
431 1192 464 1264 δι
489 1212 646 1283 quaerere
671 1192 825 1285 imperiti
842 1192 918 1286 est,
944 1195 979 1268 ἃ
1002 1194 1080 1268 red-

58 1312 113 1365 ere
134 1294 233 1364 velle
255 1292 428 1363 dementis
440 1289 502 1365 est„

100 1411 136 1481 5.
161 1390 376 1463 Dicentibus
394 1402 512 1464 autem
532 1388 639 1461 nobis
654 1389 823 1465 mundum
837 1388 940 1463 istum
960 1391 998 1463 in
1011 1392 1079 1465 hac

59 1490 203 1563 arietate
222 1489 400 1583 positum,
434 1511 502 1581 qua
521 1487 624 1582 supra
640 1488 866 1581 exposuimus
888 1512 908 1563 a
926 1488 1013 1564 Deo
1029 1491 1079 1564 sa·

58 1608 139 1683 aun,
164 1608 270 1680 quem
286 1588 406 1662 Deum
423 1588 607 1685 &bonum
626 1590 660 1662 ἃ
676 1587 807 1681 justum
833 1602 940 1680 atque
959 1588 1081 1681 aquis·

58 1708 146 1761 nium
167 1688 342 1781 dicimus,
381 1688 541 1780 objicere
564 1688 637 1759 hoc
653 1689 794 1780 plurimi
812 1685 952 1782 solent,
985 1689 1020 1762 δι
1041 1690 1080 1763 hi

58 1787 178 1860 ianime
202 1787 264 1878 qui
287 1808 333 1859 ex
358 1785 478 1859 schola
501 1787 724 1877 Marcionis,
752 1787 785 1858 bt
809 1788 1018 1880 Valentini,
1044 1788 1080 1860 dt

58 1884 180 1959 afilidae
200 1886 386 1959 venientes
397 1887 585 1958 audierunt
599 1884 753 1958 diversas
768 1884 835 1958 elle
850 1900 997 1963 naturas,
1006 1887 1080 1959 ani·

58 2004 183 2079 rarum,
213 1984 399 2078 quomodo
423 1984 564 2077 justitiae
588 1982 660 2057 Dei
688 1985 885 2074 conveniat
908 1985 1079 2060 mundum

58 2082 213 2177 sumtis,
248 2098 290 2156 ut
303 2084 542 2157 habitaculum
561 2084 635 2155 aliis
654 2084 795 2173 quidem
817 2082 854 2154 in
871 2085 968 2155 coelis
991 2104 1079 2177 pre-

59 2196 130 2279 tat,
164 2184 200 2257 ἃ
215 2205 293 2256 non
312 2184 423 2257 solum
438 2184 491 2255 his
509 2183 749 2257 babitaculum
765 2182 890 2255 melius
909 2182 1077 2277 praestet,

58 2302 153 2355 erum
174 2284 280 2356 etiam
305 2282 450 2379 gradum
476 2282 626 2373 aliquem
652 2282 836 2354 celsiorem
859 2279 1079 2376 spettabilio·

58 2402 172 2474 tnique
194 2382 394 2474 concedat,
420 2382 656 2476 principatum
681 2381 756 2453 aliis
775 2380 975 2476 indulgeat,
1001 2382 1078 2455 aliis

58 2480 245 2573 otestates,
272 2482 535 2553 dominationes
558 2501 702 2572 quoque
722 2481 797 2553 aliis
823 2480 976 2575 tribuat,
1001 2482 1077 2555 aliis

58 2582 241 2675 nplissimas
258 2578 356 2653 sedes
376 2578 567 2653 coelestium
582 2578 809 2653 tribunalium
823 2578 983 2673 praestet,
1003 2581 1078 2662 elue

58 2694 131 2753 eant
153 2679 210 2751 alii
231 2680 454 2771 rutilantius,
489 2679 523 2751 &
545 2677 737 2751 coruscent
760 2679 902 2774 fulgore
918 2680 1077 2755 sidereo:

58 2778 101 2851 liis
116 2779 160 2852 sit
178 2779 291 2875 gloria
303 2776 406 2871 solis,
434 2777 508 2851 aliis
522 2780 636 2875 gloria
649 2781 765 2871 lunae,
790 2779 865 2851 aliis
875 2779 989 2874 gloria
998 2778 1077 2852 stel-

58 2896 158 2966 rum3
184 2878 283 2951 stella
303 2898 323 2949 a
343 2876 443 2951 stella
461 2878 498 2948 in
516 2878 630 2971 gloria
647 2876 813 2951 differat:
840 2877 896 2969 dt,
921 2891 964 2950 ut
978 2877 1078 2950 fimul

58 2977 244 3055 tbreviter
259 2987 377 3049 totum
393 2976 530 3067 dicam,
555 2978 580 3049 fi
593 2977 751 3049 creatori
764 2976 848 3049 Deo
862 2996 930 3049 nec
945 2978 1078 3049 volun·

58 3096 80 3149 u
101 3074 225 3151 llinimi
245 3077 405 3167 bonique
430 3076 581 3167 operis,
613 3096 682 3148 nec
699 3072 907 3169 perficiendi
926 3072 1077 3149 facultas

58 3174 139 3269 aest,
167 3175 251 3268 qnid
266 3174 376 3247 causac
401 3174 549 3247 existere
570 3176 710 3267 potuit,
735 3191 777 3247 ut
800 3191 943 3247 naturas
969 3173 1078 3248 ratio·

58 3275 327 3368 asuescimus,
352 3274 388 3346 id
412 3272 487 3366 est,
512 3274 641 3365 quibus
660 3286 702 3346 ut
722 3273 832 3347 essent
847 3272 920 3365 ipse
944 3272 1079 3347 exstitit

58 3372 150 3467 ursa,
180 3372 345 3446 celsiores
372 3373 460 3445 alios
485 3373 645 3466 faceret,
682 3375 770 3445 alios
798 3370 983 3464 secundo,
1015 3386 1078 3445 aut

58 3474 163 3567 atio,
188 3472 223 3544 dt
242 3473 361 3547 multis
378 3473 449 3563 jam
464 3472 654 3545 inferiores
677 3473 843 3568 gradibus
864 3471 1077 3545 deteriores-

58 3594 93 3646 ue
112 3570 352 3666 procrearet?
377 3568 472 3644 Turn
488 3572 615 3644 deinde
637 3573 813 3663 objiciunt
832 3572 940 3645 etiem
960 3571 1005 3643 de
1021 3572 1077 3645 his

58 3692 100 3745 re
116 3672 155 3745 in
173 3672 278 3745 terris
295 3670 400 3764 sunt,
434 3672 531 3761 quod
557 3672 630 3743 aliis
651 3670 814 3743 nascendi
836 3669 911 3744 sors
934 3670 1077 3743 felicior

58 3772 209 3867 tenerit,
234 3785 277 3845 ut
300 3770 376 3864 quis
401 3766 525 3865 (verbi
544 3771 676 3869 gratia)
695 3791 741 3845 eit
766 3768 948 3847 Abraham
971 3790 1076 3863 gene-

903 3880 1035 3965 retur,
