2498 4254
239 122 348 250 ‘uu'
396 112 965 299 ua1u'cu·a11.s,uiu1v.
1077 194 1150 279 au
1216 212 1219 221 ·

88 330 172 410 sunt
188 330 457 429 pervenissent,
482 332 627 410 foitass'e
647 334 764 409 minua
783 356 872 411 vera
890 333 959 411 effe
981 334 1147 413 videren-
1177 368 1183 377 ’

88 446 170 527 tur,
192 456 261 508 nec
275 436 408 509 habere
422 434 552 529 aliquid
565 432 795 510 auetoritatis.
828 434 1043 511 Nuncvero
1064 460 1147 517 cum

87 532 128 607 in
144 530 310 607 effestum
331 554 373 607 ea
390 552 466 626 quae
484 532 628 609 fueram
642 537 687 609 ab
703 554 750 607 eo
771 534 881 629 dista,
905 538 1143 633 perveniant,
1186 616 1189 621 ,

89 654 171 707 cum
190 647 290 707 tanta
308 647 427 707 autem
438 630 617 729 potestate
626 649 733 726 atque
750 632 963 708 austoritata
979 635 1146 730 pradista

86 730 177 825 fiat,
201 729 470 807 manifestiiiime
489 731 689 807 declaratur
708 752 835 807 verum
861 731 953 825 effe,
980 735 1062 825 quia
1078 736 1146 811 ho·

86 850 151 906 mo
165 828 276 905 fa8tus
290 827 450 904 salutaria
465 836 642 927 pracepta
660 833 863 906 hominibus
881 832 1036 909 tradidit

165 949 197 1023 3.
224 931 322 1031 Quid
340 950 432 1003 vero
452 933 534 1005 inde
559 931 747 1007 dicendum
769 930 933 1025 estquod
955 932 1145 1029 propheta

87 1026 134 1102 de
152 1025 228 1122 ipso
247 1044 329 1103 ante
352 1031 615 1124 praedixerant,
648 1046 725 1103 non
747 1028 939 1104 ceffaturos
963 1032 1151 1131 principes¹

87 1148 136 1202 ex
153 1128 269 1224 Juda‚
295 1150 412 1221 neque
433 1127 542 1203 duces
566 1130 611 1203 de
635 1128 833 1204 femoribus
852 1129 928 1222 ejus
953 1150 1144 1223 usquequo

86 1227 212 1299 veniat
227 1228 285 1301 iile
308 1231 365 1300 eui
378 1229 571 1321 repositum
590 1226 668 1322 est,
694 1248 842 1325 reguum
860 1230 1024 1323 sciliceta,
1040 1230 1074 1301 ἁ
1090 1228 1146 1303 us-

57 1338 233 1419 ‘quequo
259 1326 383 1399 veniat
407 1322 621 1420 exspeuatio
649 1328 818 1424 gentium.
869 1326 1146 1404 Manifestiffime

88 1430 183 1499 enim
196 1448 240 1498 ex
257 1424 329 1518 ipsa
342 1423 488 1509 it’ston'a
507 1438 654 1520 apparet
669 1448 714 1501 ex
728 1428 784 1501 his
806 1447 883 1519 quae
900 1426 1010 1501 hodie
1024 1427 1145 1521 pervi-

88 1523 240 1618 dentur,
266 1525 347 1617 quia
362 1545 408 1599 ex
424 1529 646 1619 temporibus
669 1524 797 1599 Christi
814 1532 909 1601 ultra
930 1546 1032 1624 reges
1051 1526 1146 1620 apud

86 1622 231 1719 Judaeos
248 1644 325 1696 non
342 1626 549 1700 extiterunt.
602 1623 670 1699 Sed
692 1626 726 1698 &
745 1627 812 1698 iliae
828 1644 954 1700 omnes
980 1626 1145 1700 ambitio·

88 1742 153 1797 nes
168 1719 321 1816 Judaicae
336 1720 374 1794 in
395 1723 521 1815 quibus
538 1722 713 1816 jaiimtiae
728 1727 1021 1818 quamplurimum
1043 1745 1145 1821 gere·

87 1821 198 1913 bant,
225 1820 258 1893 ὰ
274 1823 451 1912 inquibus
466 1823 695 1915 exultabant,
721 1824 783 1895 vel
795 1823 839 1896 de
854 1825 977 1917 templi
992 1824 1143 1919 decore,

88 1922 153 1993 vel
171 1922 213 1992 de
228 1922 345 1992 altaris
360 1920 569 2016 insignibus,
595 1935 701 2015 atque
718 1924 884 1995 omnibus
901 1923 968 1997 illis
981 1920 1146 1995 sacerdo·

88 2019 217 2093 talibus
230 2018 371 2108 infulis,
396 2019 682 2111 indumentisque
697 2016 932 2115 pontificum,
957 2019 1056 2094 simul
1067 2024 1146 2093 uni·

88 2116 192 2192 versa
217 2117 387 2192 destruiia
408 2118 498 2194 sunt.
556 2116 746 2215 Completa
768 2116 818 2195 est
840 2121 933 2193 enim
952 2120 1145 2212 prophetia

89 2237 168 2311 quae
187 2216 343 2291 dixerat:
372 2218 432 2291 Per
443 2222 509 2290 dies
523 2221 638 2289 multos
657 2219 803 2305 sedebunt
812 2220 885 2313 fllia
906 2219 1076 2313 lsraelfine
1095 2244 1145 2292 re·

84 2341 142 2413 ge,
157 2317 230 2416 fine
241 2321 406 2416 principe:
428 2341 494 2391 non
520 2324 584 2391 erit
600 2319 722 2419 hostia,
746 2342 801 2391 mc
823 2323 944 2408 altare,
967 2341 1025 2388 uec
1041 2324 1146 2407 sacer·

957 2419 1097 2508 dotium,

182 2656 185 2660 ,
305 2574 729 2651 lua-tamaium
766 2596 912 2653 aava,

81 2714 126 2790 v&
142 2714 251 2789 duces
266 2714 310 2788 de
328 2712 466 2790 femore
486 2716 587 2809 ejus,
613 2736 693 2790 cum
711 2712 865 2789 veniiiet
877 2715 933 2787 cui
947 2712 1145 2807 repoiitum

89 2812 160 2908 ast,
185 2834 334 2911 regnum
352 2813 544 2907 videlicet,
571 2814 805 2911 &prodiiiiet
826 2811 1039 2907 exspeiiatio
1060 2833 1144 2909 gen·

88 2912 204 2988 tium‘i
241 2912 297 2986 Ex
314 2910 459 2987 historia
482 2917 575 2988 enim
596 2912 629 2987 δι
648 2915 689 2986 iis
706 2932 783 3006 quae
805 2912 914 2989 hodie
928 2926 1143 3005 cernuntur,

88 3012 311 3089 manifestum
337 3012 389 3087 est
417 3032 437 3085 a
465 3010 592 3087 Christi
616 3012 839 3108 temporibus
870 3012 990 3085 nullos
1016 3007 1145 3111 deinda

88 3110 293 3209 Judaeorum
316 3130 418 3207 reges
440 3110 613 3207 extitiffe,
646 3110 763 3186 frauis
789 3111 823 3185 δι
848 3108 1010 3203 diffipatis
1035 3109 1143 3204 rabua

90 3212 258 3287 omnibus
282 3210 430 3305 judaicis
452 3212 578 3303 quibus
601 3209 863 3307 gloriabantur,
887 3211 1025 3303 templo
1046 3229 1144 3282 nem·

89 3309 277 3407 punitati,
311 3310 363 3383 rei
385 3308 515 3384 diuinae
537 3306 713 3384 consueto
734 3312 835 3403 ritu,
869 3308 904 3381 &
929 3308 1145 3387 indumentis

88 3404 290 3485 Pontificis.
339 3406 490 3503 Impleta
507 3408 558 3484 est
580 3408 711 3504 quippe
728 3410 920 3503 prophetia
940 3426 1017 3501 qua
1035 3406 1144 3482 dicit:

92 3513 154 3585 Per
168 3513 232 3583 dies
246 3511 361 3581 maleas
368 3509 598 3601 sedebuntfilii
618 3510 715 3601 Israel
723 3511 789 3605 fine
807 3532 893 3601 vage,
907 3508 977 3607 βω
989 3512 1145 3605 principe,

83 3610 156 3704 fine
176 3610 338 3706 [mistum
362 3608 431 3706 fine
453 3612 570 3698 altari,
622 3634 662 3681 na
677 3608 876 3700 sacerdotia,
896 3610 968 3706 stne
987 3606 1164 3706 responait.-

93 3709 234 3803 Quibus
260 3708 380 3782 verbis
402 3707 537 3784 utimur
556 3728 579 3783 a
605 3703 725 3785 versus
743 3728 808 3784 eos
829 3708 888 3800 qui
912 3705 994 3810 <ium
1015 3722 1144 3800 urgen-

91 3821 153 3884 tur
167 3808 210 3883 iia
227 3828 305 3903 qua
318 3807 357 3885 iu
375 3806 506 3893 Genesi
524 3808 576 3897 ab
588 3806 703 3985 Jsscau
719 3804 765 3883 ad
782 3806 909 3905 Judam
921 3806 1021 3903 dieta
1039 3802 1163 3893 sunta:

180 3944 197 3959 -ν
672 3930 695 3987 2
968 3918 1117 4005 utma-

1210 4008 1246 4111 'i
