2498 4254
222 158 325 239 uu.
348 152 686 252 auiuentis,
736 152 838 233 tra.
864 136 952 233 nt'
1045 181 1120 255 ηι-

60 324 95 401 bt
120 344 212 419 puer
238 326 354 398 adhuc
377 321 577 416 prophetia
600 320 745 417 gratiam
769 319 920 412 accepit
981 316 1032 394 Et
1052 319 1121 420 (ξ’)

57 424 195 499 rursum
214 446 235 496 e
258 424 442 505 contrario
462 419 645 497 manifeste
667 418 865 492 ostenditur
889 419 932 490 ab
955 419 1121 497 adversa·

56 526 120 624 riis
137 522 313 617 spiritibus
333 521 505 615 quosdam
519 543 539 592 a
553 521 664 613 prima
680 518 796 591 statim
808 531 913 592 aetate
928 519 1116 616 possessos,

56 625 96 697 id
116 624 167 697 est
187 625 383 696 nonnullos
403 641 485 693 cum
503 617 580 712 ipso
597 620 759 691 daemone
776 616 845 691 esse
862 630 998 713 natos,
1027 623 1119 695 alios
1198 622 1200 629 '
1246 686 1248 693 .

57 743 152 797 vero
166 745 185 794 a
199 744 314 815 puero
328 717 495 794 divinasse
509 719 730 791 historiarum
747 715 834 791 fides
847 718 1013 793 declarat.
1045 722 1120 797 nsit

58 823 207 915 aprima
226 836 331 894 aetate
347 821 543 913 daemonem
562 840 665 909 quem
683 817 889 910 Pythonem
906 821 1119 915 nominant,

56 921 189 1014 idest,
210 922 480 1012 ventriloquum
489 918 569 1011 paffi
580 917 669 991 sunt.
720 917 793 990 Pro
807 919 933 1009 quibus
949 921 1116 995 omnibus

39 1022 103 1094 =ab
122 1022 177 1094 his
192 1023 251 1112 qui
272 1021 341 1096 Dei
360 1017 678 1113 providentiaregi
699 1020 819 1091 omnia
835 1038 911 1110 qua
928 1020 966 1090 in
980 1021 1118 1094 mundo

56 1121 160 1212 sunt,
194 1118 371 1212 asserunt,
403 1118 494 1193 ficut
512 1115 633 1189 nostra
654 1138 798 1209 quoque
821 1121 985 1191 continet
1003 1116 1116 1215 fides,

57 1232 100 1293 ut
115 1221 204 1292 mihi
219 1220 389 1311 videtur,
414 1239 491 1292 non
504 1218 750 1309 aliterpoterit
762 1215 986 1311 responderi,
1012 1221 1119 1293 itaut

57 1320 193 1410 absque
217 1320 315 1392 omni
334 1316 508 1409 injustitia
528 1318 631 1409 culpa
649 1317 881 1409 providentia
899 1319 1120 1405 demonstra·¹
1179 1308 1181 1324 '

55 1434 140 1510 tur,
173 1418 236 1512 nisi
259 1419 399 1511 priores
420 1416 577 1509 quadam
595 1413 696 1488 fuisse
715 1417 764 1489 eis
793 1414 902 1491 causa
924 1419 1116 1513 dicantur,

57 1518 187 1610 quibus
205 1533 392 1610 antequam
405 1518 441 1589 in
458 1535 616 1610 corpore
637 1512 866 1589 nascerentur
885 1519 1029 1612 anima,
1055 1519 1118 1592 ali·

57 1618 144 1710 quid
162 1618 409 1689 contraxerint
423 1616 535 1708 culpae
551 1615 586 1687 in
604 1612 756 1689 sensibus
770 1618 832 1688 vei
845 1617 1004 1691 metibus
1023 1617 1116 1715 suis,
1227 1670 1229 1675 -

55 1736 127 1812 pro
151 1717 276 1808 quibus
298 1717 372 1790 hoc
393 1716 524 1789 merito
543 1714 618 1807 pati
638 1713 795 1786 adivina
814 1716 1047 1808 providentia
1061 1719 1121 1809 jn··

57 1816 184 1890 dicatae
202 1814 293 1891 sunt.
343 1814 467 1887 Liberi
488 1834 641 1904 namque
664 1813 800 1886 arbitrii
816 1814 950 1911 semper
971 1814 1022 1889 est
1043 1816 1117 1889 ani·
1174 1856 1181 1871 ··

56 1938 136 2010 ma,
169 1920 274 1989 etiam
298 1936 379 1988 cum
400 1915 438 1986 in
465 1932 622 2004 corpore
647 1912 748 2004 hoc,
783 1914 889 1987 etiam
911 1934 991 1987 eum
1013 1924 1122 1989 extra·

56 2036 193 2111 corpus
214 2015 289 2087 est:
317 2014 515 2087 &libertas
539 2012 673 2084 arbitrii
689 2013 758 2084 vel·
773 2011 817 2085 ad
838 2012 935 2086 bona
954 2011 1121 2109 semper,

57 2116 121 2188 vel
142 2114 186 2187 ad
203 2116 293 2187 mala
314 2124 509 2187 movetur:
540 2131 781 2203 necunquam
798 2112 1020 2186 rationabilis
1040 2113 1124 2188 sen-·

56 2214 134 2309 sua,
161 2213 198 2285 id
216 2214 266 2286 est
278 2235 377 2287 mens
397 2214 458 2284 vel
470 2212 605 2304 anima,
631 2211 704 2284 fine
720 2222 826 2283 motu
838 2213 957 2304 aliquo
972 2216 1035 2287 vel
1048 2216 1120 2287 bo·-

57 2336 108 2389 no
125 2314 189 2386 vel
203 2314 298 2386 malo
320 2310 390 2386 esse
403 2309 533 2405 potest.
584 2314 690 2411 Quos
707 2324 829 2385 motus
847 2312 964 2384 causas
977 2313 1118 2406 praesta'·

57 2435 97 2488 re
112 2413 325 2486 meritorum
343 2411 530 2485 verisimile
552 2410 603 2483 est
619 2411 727 2484 etiam
747 2412 966 2504 priusquam
987 2414 1025 2491 in
1042 2414 1120 2487 hoe

57 2516 195 2588 mundo
221 2511 351 2602 aliquid
376 2522 505 2607 agant:
536 2523 579 2582 ut
602 2531 670 2601 pro
693 2510 748 2582 his
766 2511 902 2584 meritis
924 2513 987 2585 vel
1006 2514 1127 2587 causis·¹
1184 2558 1188 2563 -

57 2633 123 2706 per
141 2612 298 2684 divinam
317 2609 583 2703 providentiam
598 2608 715 2682 statim
733 2631 753 2680 a
773 2611 885 2702 prima
902 2612 1125 2707 nativitate,²

58 2713 168 2785 immo
185 2711 219 2782 be
234 2723 316 2782 ante
329 2710 577 2801 nativitatem,
603 2723 645 2780 ut
656 2710 707 2780 ita
719 2707 852 2801 dicam,
879 2711 940 2783 vel
951 2711 1041 2783 boni
1057 2704 1129 2784 ali?

59 2810 145 2904 quid
161 2810 221 2882 vel
240 2809 322 2881 mali
342 2808 482 2903 perpeti
505 2806 756 2899 dispensentur.
807 2807 857 2881 Et
874 2810 952 2882 haec
975 2810 1117 2901 quidem

59 2910 152 2984 dista
165 2910 232 2983 sint
243 2908 287 2980 de
302 2909 356 2981 his
369 2929 445 3001 quae
463 2908 631 3005 videntur
644 2906 868 3000 hominibus,
896 2908 986 2981 vela
1004 2910 1119 3001 prima

56 3009 250 3089 nativitate
264 3007 400 3103 statim,
425 3007 488 3081 vel
503 3009 610 3079 etiam
622 3019 812 3098 antequam
826 3004 867 3080 in
888 3007 980 3080 hanc
998 3009 1118 3087 lucem

902 3124 1067 3199 prorum·
1113 3144 1117 3151 ·

47 3360 52 3373 .
110 3303 172 3405 (¹⁵)
201 3307 248 3380 Ea
268 3309 459 3378 econtrario
469 3303 607 3402 parvuli
621 3303 713 3392 sicu,
738 3302 779 3381 θ’
787 3324 865 3400 pern
881 3300 1036 3379 sassmses
1052 3314 1127 3385 mai·

56 3408 99 3481 sis
120 3407 283 3504 replentur
295 3405 478 3504 spiritibus,
503 3403 542 3480 (5
562 3413 599 3474 iu
612 3406 740 3474 diuinos
757 3420 851 3502 atque
864 3404 1002 3479 hariolos
1018 3410 1127 3507 inspb'

58 3522 205 3594 rantur,
240 3512 278 3577 in
301 3523 431 3577 tautum
450 3512 599 3577 uterium
619 3507 735 3575 damon
755 3506 952 3598 Pythonicus
972 3510 1119 3605 quosdam

57 3634 72 3679 ε
91 3626 204 3680 tenera
227 3624 318 3677 atate
330 3603 500 3704 peffedeat,
526 3630 599 3703 quos
615 3601 773 3676 derelictos
788 3602 842 3696 effi
854 3608 937 3702 apud
944 3610 1119 3704 provideri·

58 3716 141 3779 tiam
166 3712 248 3792 Dei,
274 3733 339 3775 cum
354 3707 443 3775 nihil
457 3705 522 3777 tale
531 3705 689 3798 feceriut,
715 3719 753 3775 ut
771 3705 942 3802 istiusmodi
954 3708 1129 3797 insaniam‘

52 3808 267 3901 sustinerent,
286 3808 403 3902 nearest
418 3811 484 3901 ejus
498 3811 557 3904 qui
566 3806 657 3901 mistis
672 3804 750 3875 vult
764 3806 878 3903 absque
893 3810 960 3881 Deo
968 3810 1044 3898 fieri
1054 3805 1117 3889 ,6

56 3913 164 3983 omnia
175 3907 265 4011 iuius
271 3906 597 4005 jrfiitiagubemari.
615 3904 781 3996 Hieron.
793 3906 839 3991 ‘m
848 3905 956 4014 eps&
966 3906 1019 3983 ab
1032 3902 1147 3979 tivit.
