2498 4254
32 70 165 209 §144
320 124 323 137 ·
405 104 826 187 onrcrnrs.

89 278 171 359 texi,
201 271 285 361 Esaia
300 287 405 345 aurem
421 273 486 343 odio
501 271 611 343 habui.
657 268 708 344 Et
728 270 811 365 post
829 268 905 345 hac
922 268 986 347 fibi
1001 270 1079 369 ipse
1092 292 1149 349 ra·

4 376 34 399 '¹
88 372 410 469 spondet&dicit:
438 374 528 465 Quid
542 369 775 461 erudiremur?
799 374 1146 472 Numquiddnjrtflr'tt'l

88 477 223 571 essapud
241 469 374 545 Deum?
408 470 459 543 Et
473 485 515 544 ut
531 471 636 543 nobis
653 472 877 547 occasionem
893 472 1077 565 praestaret
1094 474 1145 549 in·

91 572 253 667 quirendi
275 572 319 644 de
340 571 424 661 his,
450 568 745 664 &perscrutandi
767 572 953 662 quomodo
972 572 1050 647 haec
1068 594 1145 649 non

41 670 44 677 ’
90 685 194 747 extra
208 673 383 743 rationem
399 666 512 764 fiant,
537 667 730 762 respondet
743 671 804 743 srbi
818 668 902 764 ipfi,
931 670 967 743 δι
980 673 1041 747 ait
1078 668 1145 745 Ea·

89 773 172 845 dern
186 792 358 862 namque,
385 783 424 841 ut
434 770 519 843 rnihi
531 769 693 861 videtur,
720 790 796 861 quae
812 769 856 842 de
871 770 987 865 Jacob
1003 770 1038 843 &
1052 768 1146 847 Esau

91 870 235 963 quaestio
253 869 493 964 proponitur,
509 869 629 941 haberi
644 870 749 941 etiarn
765 868 811 941 de
822 868 1016 943 caelestibus
1032 870 1146 945 omni·

88 973 155 1045 bus
169 970 202 1042 ἃ
214 966 437 1041 terrestribus
456 969 625 1040 creaturis
643 966 677 1039 &
694 968 737 1041 de
756 967 902 1041 infernis
921 966 1054 1063 potest
1097 964 1146 1043 Et

85 1070 245 1146 similiter
257 1070 342 1140 mihi
363 1067 528 1161 videtur,
553 1067 643 1141 ficut
655 1068 705 1139 ibi
721 1069 787 1139 ait:
816 1071 893 1138 Cum
908 1076 991 1139 enim
1003 1072 1145 1141 noudum

86 1186 162 1241 narr
182 1165 342 1261 furffint,
376 1192 475 1264 mque
500 1168 622 1261 aliquid
647 1164 772 1258 efflant
796 1166 869 1239 boui
892 1168 946 1247 val
968 1171 1071 1259 mali,
1095 1170 1145 1243 ita

87 1269 196 1344 etiam
219 1266 262 1338 de
284 1267 421 1339 caeteris
441 1267 606 1340 omnibus
631 1266 699 1337 dici
715 1263 842 1359 porse,
874 1274 1042 1339 cumcuim
1064 1292 1145 1341 mn·

33 1444 38 1469 Ι
86 1371 160 1440 dum
176 1364 446 1458 creataeffent,
471 1390 570 1463 neque
585 1364 709 1459 egiffeut
722 1368 846 1463 aliquid
859 1368 933 1439 brui
946 1369 1001 1441 vel
1018 1370 1143 1441 malint

81 1470 248 1560 secundum
269 1465 443 1537 eleflionem
460 1465 644 1562 propofitum
663 1470 730 1537 Dei
745 1482 872 1537 maneat
887 1464 998 1563 (ficut
1015 1480 1142 1560 putant
1159 1462 1164 1483 ¹

88 1562 250 1661 quidam)
276 1562 367 1637 facta
383 1562 463 1636 sunt
476 1564 536 1637 illa
561 1565 703 1656 quidem
728 1564 895 1657 calestia,
920 1568 997 1639 haec
1023 1579 1141 1641 autern

86 1663 284 1757 terrestria,
309 1663 424 1737 &alia
440 1663 601 1757 inferna,
626 1688 694 1733 non
714 1690 752 1734 ex
773 1664 910 1761 operibus
931 1663 995 1762 (ut
1014 1678 1141 1760 putant

84 1763 158 1862 illi)
172 1766 227 1852 sed
239 1789 277 1833 ex
292 1786 325 1835 eo
337 1767 392 1861 qui
404 1769 544 1839 vocavit.
594 1765 685 1855 Quid
698 1789 766 1857 erga
783 1767 932 1853 dicemus,
957 1764 981 1837 fi
1001 1766 1080 1839 haec
1093 1766 1140 1839 ita

84 1862 190 1939 sunt?
217 1866 300 1956 Ergo
316 1863 479 1959 injussitia
495 1862 535 1960 eft
547 1866 627 1959 apud
643 1858 769 1935 Deum?
794 1865 894 1957 Abfit.
927 1864 1138 1958 Igitursrcttt'

84 1966 131 2037 de
145 1962 237 2036 Esau
254 1962 416 2057 &Jacob
435 1961 637 2057 diligentius
654 1961 879 2055 perscrutatis
896 1962 1078 2056 scripturis
1091 1964 1137 2037 in·

82 2064 250 2153 venitur,
278 2064 446 2154 quianon
463 2062 514 2135 est
530 2061 696 2153 injustitia
712 2063 804 2156 apud
821 2058 960 2155 Deum,
986 2076 1030 2135 ut
1044 2076 1136 2138 ante·

85 2185 191 2255 quam
212 2161 468 2254 nascerentur,
494 2162 557 2233 vel
578 2176 723 2257 agerent
744 2162 874 2253 aliquid
894 2164 933 2236 in
952 2163 1029 2235 vita
1049 2164 1135 2257 hac,

85 2264 264 2335 diceretur
274 2268 351 2357 quia
363 2265 462 2357 major
471 2263 597 2349 serviet
608 2267 747 2345 minora
774 2260 861 2333 &ut
871 2262 1057 2334 invenitur
1066 2282 1137 2337 nou

83 2360 154 2435 effe
178 2359 376 2452 injustitia,
409 2359 508 2451 quod
524 2359 558 2431 δι
573 2361 610 2433 in
633 2375 761 2432 ventre
782 2360 927 2434 fratrem
945 2359 1044 2434 suurn
1064 2358 1135 2457 sup·

82 2459 263 2556 plantavit
279 2460 417 2554 Jacob,
443 2458 467 2530 sr
483 2480 528 2532 ex
543 2460 775 2552 praecedentis
786 2461 958 2533 videlicet
968 2461 1056 2533 vitae
1068 2482 1134 2537 me·

81 2561 161 2633 ritis
178 2558 283 2653 digne
301 2553 560 2631 condilectum
579 2557 648 2631 effe
665 2559 851 2631 sentiamus
867 2559 1009 2653 aDe0‚
1033 2562 1085 2633 ita
1097 2570 1135 2633 ut

81 2659 184 2735 fratri
197 2659 762 2751 praeponimerereturritaetiam
775 2659 819 2731 de
833 2657 1027 2731 caelestibus
1044 2678 1134 2733 crea·
1163 2724 1166 2731 .

82 2758 199 2852 turis,
232 2756 498 2831 fiadvertamus
521 2758 601 2848 quia
621 2756 685 2829 ista
700 2758 883 2831 diversitas
906 2778 983 2831 non
1001 2772 1134 2833 creatu·

81 2880 131 2932 rae
145 2856 386 2952 principium,
412 2855 471 2928 sed
488 2877 533 2929 ex
547 2856 829 2948 praecedentibus
854 2858 962 2931 caufis
981 2878 1051 2951 pro
1066 2880 1134 2933 me·

80 2960 143 3031 riti
165 2956 337 3052 dignitate
355 2953 531 3029 diversum
545 2956 685 3051 fingulis
708 2977 728 3028 a
744 2956 936 3029 conditore
956 2957 1135 3033 ministerii

80 3071 227 3152 paratur
249 3053 426 3147 officium,
458 3076 503 3126 ex
525 3075 570 3126 eo
594 3054 761 3147 profecto
778 3056 875 3147 quod
895 3058 1135 3149 unusquisque
1153 3118 1177 3151 .,

79 3159 119 3231 in
136 3178 182 3229 eo
199 3154 297 3248 quod
321 3176 421 3228 mens
443 3166 581 3226 creatus
601 3175 620 3226 a
638 3153 724 3228 Deo
753 3154 803 3229 est
827 3157 890 3229 vel
914 3156 1134 3231 rationabilis

79 3254 249 3348 spiritus,
274 3275 343 3347 pro
363 3252 521 3328 motibus
539 3255 667 3326 mentis
691 3253 726 3326 &
745 3252 896 3328 senfibus
915 3255 1134 3351 animorum,

80 3354 144 3427 vel
156 3354 235 3446 plus
250 3355 313 3427 vel
329 3354 445 3428 minus
466 3350 528 3441 srbi
544 3354 660 3427 meriti
676 3354 877 3448 paraverit,
902 3356 965 3427 vel
979 3348 1151 3431 amabilis.

79 3450 187 3543 Deo,
212 3452 275 3525 vel
292 3453 398 3527 etiarn
415 3451 558 3525 odibilis
579 3450 771 3529 exstiterit:
795 3475 875 3529 cum
891 3467 1011 3529 tamen
1029 3454 1136 3547 aliqui

79 3574 127 3625 ex
151 3550 205 3625 his
230 3551 291 3642 qui
313 3552 521 3625 melioribus
547 3553 681 3624 meritis
713 3550 793 3627 sunt
818 3552 862 3625 ad
888 3554 1136 3643 exornandum

79 3650 201 3729 mundi
222 3648 349 3723 statum
372 3652 529 3746 compati
549 3652 716 3744 reliquis,
743 3647 954 3727 &officium
974 3656 1133 3746 praebere

78 3748 307 3827 inferioribus
324 3749 558 3846 ordinentur,
585 3771 658 3845 quo
681 3772 747 3847 per
765 3752 840 3829 hoc
858 3750 893 3855 or
913 3753 976 3847 ipfl
991 3747 1131 3863 pattici·

1017 3874 1083 3949 pes
