2498 4254
239 176 316 255 ot:
364 157 701 270 e-rir'uctrrrs,
749 170 851 253 tte.
877 173 939 251 111.
1043 126 1165 274 ης*

58 336 308 433 hujuscemodi
329 338 555 412 admixtionis
573 334 779 410 desrderium
795 356 951 432 corpora
964 358 1042 413 non
1055 341 1123 415 ha·-

58 442 199 515 berent.
260 439 357 512 Tum
381 438 507 511 deinde
530 437 790 511 confideremus
812 438 842 538 si
862 438 932 533 (ut
956 434 1121 532 superius¹

59 538 306 637 ostendimus)
336 540 435 611 cibus
459 537 660 611 hominibus
683 557 759 610 non
783 544 830 609 e'x
852 538 1029 635 diabolo,
1055 539 1121 617 sed

57 640 212 713 naturali
228 638 380 730 quodam
395 637 573 733 appetitur
585 634 762 728 instintlu,
778 649 897 710 utrum
909 636 1122 731 poiletfieri'

54 751 98 811 ut
114 738 139 811 fi
156 738 317 811 diabolus
332 758 407 810 non
424 735 530 827 esset,
555 736 707 808 humana
725 737 944 828 experientia
959 750 1059 813 tanta
1077 742 1119 817 irr

55 838 292 932 percipiendo
328 838 412 909 cibo
437 836 613 930 disciplina
642 847 833 928 uteretur,
870 851 912 908 ut
933 858 1115 932 nunquam

55 938 201 1031 penitus
222 937 415 1010 excederet
426 936 592 1028 modurn,
618 932 739 1028 idest,
765 948 807 1006 ut
819 937 880 1007 vel
896 938 999 1010 aliter
1010 961 1115 1031 quam

54 1058 114 1110 res
132 1035 318 1132 posceret,
344 1038 406 1109 vel
421 1036 566 1128 amplius
585 1056 687 1126 quam
702 1034 796 1107 ratio
813 1036 1035 1133 indulgeret,
1058 1060 1135 1117 ac·,

57 1139 215 1230 ciperet,
244 1136 277 1208 δι
295 1132 474 1226 nunquam
492 1135 655 1208 eveniret
666 1136 870 1207 hominibus
883 1136 919 1208 in
937 1135 1119 1213 servando·
1206 1186 1209 1191 ,

58 1238 130 1309 cibi
144 1238 256 1309 modo
277 1233 506 1326 mensuraque
524 1234 740 1327 delinquere.
790 1232 870 1333 Ego
886 1236 1025 1329 quidem
1037 1259 1118 1315 nort

58 1337 214 1408 arbitror
225 1338 297 1408 hoc
309 1336 351 1407 ab
366 1335 570 1408 hominibus
582 1335 631 1406 ita
643 1331 797 1429 potuisse
807 1333 959 1429 servari,
981 1338 1115 1413 etiamst
1232 1392 1237 1399 -

56 1436 156 1508 nulla
170 1436 301 1508 diaboli
319 1432 550 1528 provocasset
565 1431 764 1528 instinitio,
799 1451 842 1508 ut
859 1436 896 1508 in
917 1438 1116 1531 percipien-

58 1534 109 1607 do
141 1536 225 1607 cibo
257 1536 405 1608 modum
436 1533 722 1627 disciplinamque
751 1537 868 1608 nullus
900 1538 1113 1634 excederet,

56 1636 261 1730 priusquam
294 1635 330 1707 id
363 1631 565 1730 longousu
591 1634 879 1727 experientiaque
905 1634 1113 1714 didicissent.

59 1734 159 1835 Quid
174 1736 280 1829 igitur
296 1732 374 1806 est?
400 1736 441 1806 ln
456 1731 542 1806 escis
558 1733 699 1825 quidem
710 1732 744 1805 dt
755 1746 848 1827 potu
862 1736 1021 1827 pollibile
1038 1750 1117 1811 erat

58 1836 266 1925 delinquere
296 1854 365 1906 nos
394 1832 501 1904 etiam
532 1832 603 1905 stne
636 1832 767 1907 diaboli
800 1835 1062 1928 incitamentis,
1088 1836 1122 1911 si·

56 1933 158 2007 forte
174 1935 289 2005 minus
312 1932 568 2025 continentes,
596 1933 656 2004 vel
678 1934 792 2006 minus
816 1932 976 2006 industrii
1000 1932 1119 2009 fuisse-³

56 2054 136 2109 mus
152 2035 309 2106 inventi:
336 2033 370 2104 in
393 2032 597 2125 appetendo
612 2050 704 2104 vero
723 2033 845 2127 coitu,
870 2034 933 2105 vel
948 2032 1120 2107 naturali-³·

57 2134 125 2205 bus
151 2132 326 2205 desideriis
348 2132 609 2227 temperandis,
643 2132 839 2225 putandum
855 2130 912 2205 est'
926 2132 1024 2224 quod
1036 2154 1117 2209 non

56 2232 167 2307 simile
176 2233 306 2323 aliquid
316 2231 541 2324 pateremur?
569 2228 740 2304 Arbitror
748 2240 866 2305 autem
879 2232 978 2325 quod
991 2232 1117 2312 eadem

57 2332 208 2404 rationis
226 2330 479 2422 consequentia
492 2333 597 2405 etiam
606 2332 642 2404 in
656 2332 793 2407 ceteris
807 2334 1025 2405 naturalibus
1037 2334 1119 2406 moss

57 2432 155 2504 tibus
180 2433 284 2523 poisrt
300 2432 448 2529 intelligi
473 2430 699 2525 cupiditatis,
724 2431 786 2505 vel
807 2433 894 2517 irae,
929 2433 992 2506 vel
1013 2430 1117 2505 tristi·¹

58 2532 142 2625 tiae,
168 2531 230 2603 vel
248 2533 284 2603 in
305 2531 469 2607 omnibus
489 2532 639 2605 omnino
656 2552 812 2625 quaeper
831 2531 1116 2625 intemperantiae

57 2630 209 2723 vitium,
241 2630 387 2705 modum
403 2628 572 2706 mensura
591 2632 760 2705 naturalis
785 2632 975 2705 excedunt.
1028 2630 1116 2704 Eva-¹

58 2728 146 2801 dens
162 2730 270 2826 igitur
283 2732 376 2802 ratio
392 2730 465 2823 est,
492 2732 572 2824 quia
587 2732 677 2805 licut
695 2732 733 2805 in
753 2732 857 2805 bonis
875 2732 982 2803 rebus
995 2730 1118 2805 homae

56 2848 143 2902 num
156 2831 379 2924 proposrtum
392 2828 505 2904 solum
516 2852 582 2925 per
593 2828 742 2925 seipsum
752 2830 997 2924 imperfectum
1010 2829 1061 2903 est
1071 2830 1117 2905 ad

58 2924 404 3003 consummationem
419 2932 530 3021 boni,
557 2931 737 3023 adjutorio
756 2950 909 3023 namque
925 2930 1049 3003 divino
1071 2928 1118 3003 ad

58 3026 217 3121 perfesta
239 3051 387 3122 quaeque
409 3030 634 3122 perducitur:
667 3032 717 3103 ita
736 3032 843 3104 etiarn
866 3032 902 3102 in
924 3028 1117 3127 contrariis
1147 3054 1151 3059 ·

56 3128 160 3201 initia
178 3130 364 3223 quaedam,
391 3130 425 3202 dc
445 3132 548 3203 velut
566 3130 723 3221 quadam
738 3128 868 3202 semina
880 3124 1117 3223 peecatorum

58 3228 104 3301 ab
117 3228 172 3300 his
185 3230 292 3301 rebus
307 3251 385 3326 quae.
399 3230 435 3302 in
453 3228 516 3319 usu
533 3232 742 3303 naturaliter
759 3230 960 3319 habentur,
983 3228 1116 3320 'accipi-²
1201 3301 1204 3307 ,

57 3350 148 3402 mus.
208 3328 296 3401 Cum
317 3350 408 3400 vero
428 3327 675 3403 indulserimus
689 3332 784 3402 ultra
809 3324 1016 3421 quaszatis
1041 3324 1117 3422 est,

59 3426 199 3529 &non
211 3428 438 3502 restiterimus
472 3428 637 3501 aduersus
667 3430 802 3522 primos
834 3424 1120 3519 intemperantia!

56 3543 201 3621 motus,
227 3544 314 3600 tunc
328 3530 430 3620 primi
450 3529 553 3620 hujus
578 3528 693 3601 delisti
711 3527 888 3620 accipiens
902 3524 1025 3600 locum
1043 3524 1117 3599 uiri

56 3640 115 3699 tus
129 3628 272 3701 inimica
284 3628 442 3725 instigat,
468 3628 684 3725 &perurget
700 3630 865 3701 omnibus
881 3626 1021 3715 modis,
1047 3624 1117 3698 stul

56 3732 144 3801 dens
160 3728 337 3820 profusius
354 3730 499 3803 dilatare
514 3744 686 3823 peccata,
713 3726 902 3820 &quidem
925 3726 1030 3798 nobis
1049 3726 1118 3796 hot

55 3830 208 3905 atinibus
227 3830 433 3905 occafiones
445 3830 482 3903 ,ἀ
496 3828 598 3903 initia
606 3828 848 3925 prebentibus
863 3818 1123 3938 peccatorum}

965 3941 1090 3997 m-
