2498 4254
159 160 280 220 ι.
344 100 944 237 umouai1ouu
1108 174 1232 248 ςηή

112 322 157 384 ut
178 302 345 384 omnibus
371 306 565 387 commune
589 313 721 406 accipi:
755 325 798 384 ut
821 313 996 404 eiusmodi
1016 313 1058 387 sit
1079 315 1181 406 quod
1202 288 1206 293 ¹

111 412 221 484 nobis
242 414 448 505 praecipitur
472 414 509 483 in
532 413 700 484 oratione
718 414 935 506 dicendum,
956 413 1179 505 santificetur

105 535 226 583 nomen
242 528 354 603 tuum,
371 511 455 606 finer
470 518 509 580 in
526 515 594 582 caelo
609 513 646 586 (5
660 517 699 582 in
718 529 816 607 term.
866 517 1033 586 Alvmtar
1048 540 1179 608 regnum

111 628 221 696 tuum,
245 612 324 706 ficut
338 620 375 680 in
389 613 457 683 calc
472 610 510 688 (ὅ
525 618 562 683 in
578 629 677 690 terra.
713 617 791 684 Fiat
804 614 958 683 voluntas
976 616 1123 709 tuoſscut
1137 621 1177 688 in
1212 656 1216 663 ¹

108 711 178 781 calo
192 709 231 787 (ἵ
244 716 280 782 in
295 731 392 787 terra.
443 712 540 785 Nam
556 712 591 784 dt
605 732 742 787 nomen
759 713 830 784 Dei
847 710 1101 788 santiificatum
1122 712 1175 788 est

109 812 214 884 abiis
230 813 290 902 qui
306 810 386 912 sunt
402 813 438 884 in
453 814 557 893 celo,
583 812 781 885 &advenit
795 813 846 884 eis
862 833 1011 908 regnum
1027 813 1111 900 Dei,
1139 813 1175 886 dt

106 911 230 982 inillis
251 908 341 983 satta
357 909 409 984 est
423 910 496 984 Dei
513 912 695 987 voluntas.
747 908 800 983 Ea
819 911 947 985 delunt
963 915 1085 988 omnia
1101 933 1175 985 no·

106 1010 162 1081 bis
179 1011 238 1100 qni
256 1011 293 1082 in
312 1024 406 1082 terra
422 1009 560 1103 sumus,
587 1009 702 1084 adelie
719 1024 842 1084 tamen
862 1009 1028 1105 poliunt,
1055 1013 1080 1086 ir
1099 1033 1178 1085 nos.
1218 1090 1220 1097 ,

105 1108 339 1184 exhibeamus
356 1110 483 1205 dignos
500 1113 560 1202 qui
582 1110 626 1182 de
645 1111 700 1184 his
718 1110 885 1186 omnibus
914 1132 933 1182 a
956 1110 1043 1185 Deo
1063 1133 1171 1184 exau·

105 1206 253 1283 diamur.
307 1213 457 1305 Quaeret
478 1212 602 1302 aliquis
624 1223 776 1304 propter
798 1209 907 1300 illud,
924 1214 994 1298 fiat
1016 1213 1171 1282 voluntas

105 1322 163 1376 lua
174 1309 261 1404 ficut
277 1312 314 1376 in
336 1312 404 1379 caeio
427 1307 466 1384 (5
488 1315 526 1379 in
549 1328 660 1398 terra,
688 1309 878 1401 quomodo
901 1313 1073 1384 voluntas
1095 1311 1170 1384 Dei

104 1401 169 1477 liat
186 1409 349 1501 incaelo,
375 1411 436 1481 ubi
450 1408 532 1482 sunt
539 1410 725 1507 spiritualia
742 1415 893 1507 nequitia
910 1430 976 1502 per
1002 1432 1081 1502 qurr
1098 1418 1172 1482 ine·

102 1505 263 1577 briabitur
283 1509 408 1600 gladius
439 1492 504 1581 Dii
531 1511 638 1583 etiarn
659 1521 704 1580 itt
739 1512 818 1581 calo.
869 1507 904 1580 Si
934 1512 1168 1587 voluntatem

99 1602 174 1677 Dei
196 1606 243 1680 fic
268 1628 411 1682 oramus
433 1610 470 1680 in
490 1623 585 1681 terra
601 1606 679 1682 fieri
694 1621 736 1680 ut
752 1612 790 1682 in
814 1609 905 1680 caelo
921 1605 985 1699 fit,
1012 1611 1167 1684 nihil-ne

99 1706 226 1801 pericli
243 1703 294 1778 est
317 1729 365 1780 ne
384 1707 632 1800 imprudentes
660 1728 807 1799 oremup
831 1709 869 1780 in
897 1720 990 1780 terra
1017 1728 1166 1782 manere

99 1806 207 1876 etiam
226 1827 268 1879 ea
288 1828 366 1897 quae
382 1807 490 1879 nobis
505 1808 686 1879 contraria
703 1806 805 1899 sunt,
832 1825 914 1880 cum
932 1805 994 1878 illa
1013 1827 1166 1899 quoque

99 1924 120 1973 e
145 1906 235 1974 caelo
257 1907 434 1997 veniant,
459 1907 619 2000 plurimis
638 1908 675 1979 in
696 1907 848 1978 terrain
875 1906 965 1978 vitia
989 1904 1165 2000 prolapiis

97 2002 135 2072 ui
154 1999 386 2094 spiritualium
401 2005 570 2095 nequitiae
592 2024 669 2095 quae
686 2004 767 2078 sunt
780 2008 818 2078 in
831 2002 1064 2097 celestibus?
1089 2004 1164 2078 Sed

97 2103 158 2193 qui
191 2103 382 2198 allegorice
415 2105 541 2177 carlum
570 2096 752 2198 accipiens
782 2105 913 2178 dixerit
944 2105 1058 2195 ipsum
1089 2100 1161 2177 else

95 2200 298 2295 Christum,
324 2217 456 2275 terram
478 2224 569 2276 vero
593 2203 776 2278 ecclesiam
786 2201 885 2300 (quis
909 2204 1005 2278 enirn
1021 2205 1073 2276 ita
1087 2203 1163 2299 dig·

93 2324 162 2376 nus
183 2301 287 2375 Patre
308 2303 461 2383 thronus
485 2317 526 2375 ut
550 2300 736 2376 Christus?
759 2304 858 2395 quod
883 2303 1077 2378 scabellum
1097 2323 1162 2394 pe·

92 2403 179 2491 dum
193 2402 288 2496 Dei,
315 2402 420 2494 quale
442 2401 637 2500 ecclefial)
658 2405 689 2475 is
709 2401 943 2494 quaestionem
959 2402 1068 2476 facile
1088 2398 1162 2474 sol·
1186 2406 1189 2415 “
1235 2446 1237 2454 ·

92 2516 177 2591 vet,
210 2502 333 2574 dicens
365 2502 540 2576 orandum
565 2500 635 2576 eise
659 2504 853 2595 unicuique
877 2522 1003 2576 eorum
1027 2501 1159 2594 quiex

92 2602 242 2674 ecclelia
272 2600 382 2693 sunt,
421 2613 464 2673 ut
489 2601 537 2675 sre
565 2614 751 2694 paternam
776 2600 896 2692 capiat
921 2603 1157 2677 voluntatem

93 2699 395 2789 quemadmodum
427 2698 585 2774 Christus
614 2702 782 2793 capiebat
809 2704 870 2793 qui
900 2702 1006 2774 venit
1032 2701 1156 2773 facere

90 2799 322 2870 voluntatem
350 2800 459 2890 patris
483 2798 558 2891 sui,
585 2799 791 2872 &omnem
814 2799 979 2892 perfecit
1030 2796 1156 2872 Pollu·

89 2897 282 2971 musenim
300 2897 333 2966 ei
351 2898 567 2969 adhaerendo
590 2918 682 2970 unus
706 2918 787 2971 curn
808 2900 887 2991 ipso
904 2898 1044 2991 spiritus
1060 2893 1156 2981 fieri,

89 2996 193 3069 &ita
220 2997 295 3086 ejus
316 3015 445 3086 capere
465 2998 694 3071 voluntatem
716 3011 759 3069 ut
778 2999 967 3088 quomodo
992 2993 1156 3090 perfetta

88 3093 192 3169 estin
208 3096 318 3186 caelo,
344 3094 393 3168 irc
414 3092 719 3188 peruenturum
736 3109 851 3170 terra:
876 3102 1029 3194 namqui
1044 3095 1154 3167 adda-

89 3211 140 3267 rer
181 3199 349 3285 Domino,
379 3192 573 3268 secundum
605 3193 777 3283 Paulum,
810 3221 898 3267 unus
929 3199 1068 3294 spiritus
1098 3194 1181 3292 epi„

86 3294 272 3386 Necputo
286 3295 592 3375 contemnendam
606 3294 700 3367 hanc
714 3296 1055 3389 interpretationem
1067 3293 1153 3369 fore

85 3395 119 3466 ei
132 3396 192 3484 qui
203 3405 326 3466 mente
341 3392 437 3487 illam
451 3391 637 3467 studiofius
646 3396 860 3469 revolverit.
888 3393 1013 3486 Siquis
1026 3411 1150 3468 tamen

85 3494 119 3566 ei
138 3492 422 3578 contradixerit,
449 3490 578 3567 afferet
602 3492 701 3584 quod
716 3495 754 3565 in
770 3489 844 3566 fine
861 3493 967 3585 hujus
981 3493 1147 3588 Evangc·
1212 3520 1213 3527 Ν

82 3593 119 3665 lii
143 3589 225 3682 post
253 3589 549 3667 resurrectionem
579 3613 604 3664 a·
621 3590 788 3665 Domino
816 3592 947 3665 dicitur
976 3594 1164 3667 undecim.

82 3688 282 3782 discipulis:
310 3696 401 3760 Data
418 3692 457 3787 esi
477 3695 559 3762 milti
575 3698 677 3767 omnir
691 3691 905 3789 poteflarficut
920 3699 959 3762 in
971 3695 1039 3764 caeio
1054 3693 1091 3767 (7
1107 3695 1146 3758 iu

80 3807 182 3863 terra.
216 3786 308 3865 Cum
323 3791 581 3869 enimhaberet
593 3788 812 3968 pffieiiatem
827 3812 954 3895 eorum
968 3812 1046 3886 quae
1061 3789 1146 3888 sunt

676 3910 722 3986 *3
855 3971 857 3974 y
1055 3909 1104 3960 m
