2498 4254
187 162 194 175 ’
257 198 714 310 attenuemus,
764 196 956 293 tium.
1066 224 1135 313 187

108 392 131 423 “·
150 384 184 459 8.
210 376 423 472 Incipiamus
437 379 545 474 igitur
564 381 608 451 ab
622 378 677 452 his
695 392 771 470 quae
791 376 834 451 ad
847 375 1070 451 Pharaonem
1087 378 1138 451 di·

85 476 133 553 &a
150 476 252 565 sunt,
280 479 339 571 qui
365 498 385 549 a
403 478 489 551 Deo
516 477 646 551 dicitur
661 478 845 550 induratus
870 496 916 549 ne
937 478 1147 553 dimitteret·

87 580 275 675 populum:
302 600 382 652 cum
403 598 476 669 quo
492 578 626 671 pariter
639 580 746 653 etiam
759 576 929 670 Apostoli
941 578 1003 652 ille
1022 576 1139 652 sermo

87 678 312 770 ornabitur,
340 698 412 770 quo
436 678 503 750 ait:
541 680 624 771 Ergo
645 684 697 748 cm·
714 682 791 749 vult
811 678 973 755 miteretur
993 675 1032 754 (5
1051 700 1142 775 quem

89 780 151 851 wit
164 781 308 851 indurat.
360 777 426 850 His
441 779 533 851 enim
548 780 723 873 praecipue
738 777 901 849 nituntur
914 777 1072 850 haeretici
1089 779 1141 851 di·

91 890 202 953 centes
222 899 299 952 non
320 874 388 950 effe
404 879 442 950 in
459 877 580 950 nostra
601 877 778 971 potestate
798 888 840 948 ut
856 878 1055 970 salvemur,
1080 875 1142 949 sed

91 990 221 1051 nonnas
240 976 310 1051 eise
327 979 518 1050 animarum
532 979 620 1049 tales
639 998 715 1070 quae
729 978 826 1050 omni
842 997 972 1074 genere
986 978 1048 1049 vel
1061 996 1141 1071 per·

91 1094 163 1151 eant
179 1080 244 1151 vel
263 1075 469 1165 salventur3
495 1098 564 1149 nec
582 1079 659 1150 ullo
680 1077 793 1151 modo
810 1076 914 1172 poffit
932 1077 1044 1150 anima
1062 1096 1142 1168 quae

90 1178 176 1251 nalae
195 1192 333 1251 naturae
351 1174 426 1269 est,
462 1178 562 1249 bona
580 1174 674 1249 fieri:
706 1190 767 1249 aut
785 1198 861 1268 quae
878 1176 985 1249 bonae
1002 1188 1142 1249 naturae
1201 1184 1206 1191 '

80 1275 209 1369 inerit,
235 1278 326 1351 mala
342 1274 443 1351 effici.
495 1276 604 1349 Unde
620 1278 718 1349 aiunt
734 1272 1022 1369 &Pharaonem⁹
1052 1296 1144 1365 quo·

92 1378 175 1451 niam
190 1388 327 1449 naturae
346 1387 423 1448 erat
440 1376 608 1468 perdite,
634 1389 829 1471 propterea
847 1375 1002 1447 indurari
1018 1399 1037 1449 a
1056 1375 1143 1448 Deo

95 1477 145 1569 q'ui
156 1476 301 1550 indurat
318 1495 381 1548 eos
410 1476 469 1566 qui
495 1487 644 1548 terrenae
669 1488 805 1548 naturae
829 1474 931 1568 sunt,
958 1474 1145 1549 miseretur

96 1592 200 1649 autem
215 1596 341 1648 eorum
357 1577 416 1665 qui
433 1574 593 1669 spiritalis
613 1586 747 1647 nature
763 1574 852 1651 sunt.
878 1529 1073 1647 Videamus
1089 1590 1145 1646 er-

61 1696 134 1785 go
149 1678 251 1769 quale
266 1672 316 1747 est
329 1674 419 1746 istud
435 1674 533 1766 quod
550 1673 722 1768 afferunt,
749 1675 1055 1769 &interrogemus
1076 1692 1143 1748 eos

58 1764 212 1905 primo,
237 1788 280 1846 ut
291 1771 526 1865 respondeant
540 1775 661 1867 nobis,
686 1774 876 1847 fiterrenae
891 1790 1026 1846 nature
1039 1794 1145 1864 quam

58 1847 255 1965 perditam
271 1865 408 1965 dicunt
435 1872 589 1947 afferunt
602 1830 703 1945 fuiffe
720 1869 948 1946 Pharaonem.
982 1872 1145 1965 Respon-

103 1972 219 2045 debunt
230 1974 304 2046 fine
320 1927 446 2047 dubio.
472 1986 635 2047 terrenae.
686 1972 722 2043 Si
739 1993 826 2087 ergo
841 1985 991 2044 terrenae
1008 1987 1146 2045 naturae

106 2086 186 2164 erat,
212 2072 361 2145 credere
384 2072 469 2145 Deo
498 2073 556 2146 vel
584 2072 732 2144 obedire
758 2073 791 2145 ei
814 2069 994 2144 resistente
1018 2085 1147 2144 natura

64 2206 68 2214 .
105 2174 234 2245 omnino
255 2194 330 2244 non
355 2175 484 2265 potuit.
539 2172 650 2271 Quod
674 2171 698 2244 st
724 2172 798 2243 hoc
818 2173 850 2243 ei
869 2185 945 2243 erat
963 2193 1028 2264 per
1045 2183 1147 2243 natu·

105 2288 186 2365 ram,
210 2272 293 2363 quid
310 2272 425 2343 adhuc
441 2290 531 2363 opus
551 2282 628 2343 erat
643 2270 797 2343 indurari
816 2290 883 2343 cor
900 2272 994 2363 ejus,
1022 2270 1147 2343 &hoc

105 2388 165 2443 non
179 2370 306 2462 semel,
339 2368 397 2443 sed
416 2370 643 2462 frequenter,
670 2370 732 2443 nifi
751 2371 849 2462 quod
867 2371 991 2463 utique
1006 2370 1146 2464 poffibi·

105 2468 132 2543 le
149 2486 220 2545 erat
238 2492 318 2543 eum
336 2468 500 2542 suaderi?
526 2469 607 2542 Nec
620 2470 776 2543 indurari
796 2471 839 2542 ab
855 2470 925 2543 alio
946 2470 1149 2565 diceretur,

58 2633 71 2657 „,
105 2568 177 2643 nri
167 2592 195 2643 rs
215 2571 275 2663 qui
294 2593 315 2642 a
331 2568 367 2641 se
386 2590 462 2642 non
480 2584 555 2641 erat
581 2570 699 2644 doinus
752 2569 913 2670 Quodsi
940 2592 985 2644 ex
1011 2569 1044 2644 se
1069 2590 1151 2643 non-

105 2683 166 2743 ttat
179 2670 309 2762 durus,
338 2668 559 2761 consequens
582 2668 633 2742 est
648 2684 689 2741 ιιι
706 2690 775 2741 nec
793 2670 904 2742 fuerit
919 2686 1070 2744 terrenae
1088 2691 1149 2742 na·

104 2779 196 2864 une,
221 2768 282 2843 sed
297 2770 377 2841 talis
400 2771 458 2860 qui
477 2766 595 2861 poffet
619 2768 881 2884 obstupefactus
904 2769 1062 2865 signis&
1076 2770 1156 2840 virs

104 2870 222 2943 tutibus
244 2871 383 2944 cedere.
435 2868 473 2942 N
477 2866 660 2941 eceffarrus
681 2871 812 2941 etenim
830 2884 906 2941 erat
922 2870 1007 2942 Deo
1021 2884 1064 2941 ut
1078 2888 1149 2963 pro

102 2966 195 3042 salute
218 2968 449 3043 multorum
438 2989 476 3043 tn
501 2966 577 3061 ipso
605 2967 808 3042 ostenderet
833 2972 1004 3042 virtutem
1030 2967 1147 3060 suam,

102 3064 169 3143 dum
194 3068 319 3141 refistit
351 3066 511 3161 plurimis
539 3067 641 3163 ngnis
669 3066 703 3139 dt
736 3068 938 3141 onustatur
964 3068 1148 3141 voluntati

100 3162 180 3265 Dei,
206 3170 241 3241 δι
260 3190 325 3262 per
342 3168 414 3240 hoc
434 3188 499 3238 cor
519 3168 594 3259 ejus
613 3167 742 3239 dicitur
766 3169 931 3242 indurari.
982 3168 1071 3240 Haec
1088 3186 1150 3239 au·

100 3278 160 3345 tem
167 3224 264 3345 ’dicu
280 3268 360 3341 sunt
376 3268 492 3362 primo
513 3264 679 3341 adversus
696 3268 805 3364 illos,
831 3288 896 3363 per
911 3289 987 3361 quae
1002 3268 1062 3340 illa
1086 3287 1149 3340 eo·

1017 3387 1100 3446 rum

305 3527 734 3603 Iurnnrnnrfflo
775 3550 928 3605 Ν.ονι

58 3661 174 3769 plius
191 3668 374 3745 resistente
397 3672 523 3765 egebat
537 3668 640 3742 Deus
660 3683 702 3743 ut
725 3670 768 3744 ad
783 3673 981 3746 multorum
1003 3668 1151 3746 salutent

58 3771 364 3884 magnitudinem
387 3768 480 3843 suam
504 3768 736 3867 ostenderet,
763 3771 847 3846 ideo
867 3794 932 3847 cor
950 3773 1025 3865 ejus
1050 3768 1151 3843 indu·

98 3886 152 3951 ιιι
203 3872 294 3951 Haec
306 3871 459 3967 primum
479 3866 567 3948 nna
587 3870 656 3951 fine
675 3872 721 3952 ad
738 3873 985 3956 evertendum
1001 3870 1043 3945 id
1059 3864 1168 4048 exussd
