2498 4254
179 194 260 282 aa
307 188 648 329 inlumina,
697 188 884 284 iiam
992 198 1063 309 m

68 367 74 439 s
98 383 296 460 corporum
320 360 511 445 constant.'
552 358 763 445 omittenda
785 357 867 441 sanc
889 380 993 445 nunt·
1011 361 1091 443 est·

68 528 69 535 a
88 462 234 561 quastio
248 484 326 556 quae
342 462 448 544 etiam
465 462 563 545 illum
576 472 715 535 motum
729 473 834 563 putat
851 460 945 557 esse,
980 484 1063 545 cum

68 562 343 658 rcoiruptesam
365 580 522 655 corpora
552 558 815 634 dissolvuntur:
845 560 933 634 nihil
965 564 1062 643 enim

68 684 109 739 nc
130 664 207 738 hac
229 662 272 735 ad
289 658 511 757 propositum
527 659 749 739 conducunt.
804 656 889 739 Ana
911 680 1004 735 vero
1021 665 1063 743 in

68 764 126 857 isis
141 760 458 843 habeutmovendi
477 758 639 855 causam,
663 770 705 831 ut
719 759 904 861 animalia,
928 762 993 843 vel·
1007 782 1066 845 ar·

68 882 142 956 tea,
166 860 201 935 ὰ
224 861 343 935 omnia
365 881 442 953 quae
456 880 522 953 pei
541 858 737 937 naturalem
758 858 893 953 vitam,
917 860 1062 954 velpet

68 984 161 1035 mam
181 957 364 1035 constant:
389 960 484 1032 inter
499 978 576 1051 que
589 959 697 1031 etiam
708 959 936 1037 metallorum
947 978 1063 1037 venat

68 1059 175 1141 ‚utari
189 1058 360 1152 aliquibus
372 1056 567 1151 visumest'3
592 1055 652 1141 sed
664 1056 699 1139 &
711 1057 801 1155 ignis
812 1055 862 1137 sui
874 1069 995 1139 motus
1011 1058 1062 1137 es·

68 1159 234 1238 tutandus
249 1158 319 1250 est,
345 1156 495 1232 fortassis
512 1173 630 1233 autem
643 1158 749 1235 etiam
767 1156 939 1237 &fontes
957 1178 1065 1249 aqua·

68 1282 98 1334 n.
151 1258 241 1331 Haec
257 1271 376 1331 autam
399 1278 475 1348 quaa
492 1256 529 1330 in
552 1254 740 1349 semenpfis
761 1254 897 1329 causam
917 1254 1063 1335 suorum

68 1352 176 1433 tuum
189 1358 341 1450 habent,
369 1356 527 1448 quaedam
538 1356 705 1437 dicuntur
721 1377 768 1433 ex
782 1353 841 1451 sa,
871 1356 1065 1449 quadamc

68 1456 224 1559 noveii,
250 1457 349 1537 &ita
366 1456 549 1550 audant,
575 1455 674 1548 quod
687 1454 777 1531 exse
790 1472 1064 1537 moveantuiea

68 1556 242 1634 avivunt
259 1555 430 1649 quidem,
464 1566 675 1629 nontamen
693 1556 881 1630 animantia
906 1553 1008 1645 siuit3
1041 1576 1065 1633 a

68 1668 189 1730 autem
205 1666 422 1731 moveantur
442 1654 654 1747 animantia,
668 1698 672 1705 -
688 1675 769 1729 cum
789 1654 840 1727 eia
860 1654 1063 1749 phantasia,

68 1755 132 1849 est,
155 1756 327 1835 voluntas
343 1754 500 1926 Ἁυεεάειιι
512 1756 575 1837 vel
582 1754 869 1851 incitamentum,
883 1753 1065 1853 „adfuerit

68 1877 89 1928 a
105 1876 148 1928 ea
166 1853 308 1933 moveri
328 1875 349 1925 a
395 1854 524 1946 aliquid
545 1854 608 1926 vel
627 1852 769 1925 incitari
785 1852 1062 1944 provocaverit.
1164 1896 1167 1933 ,

68 1954 178 2046 nique
195 1953 462 2044 in'qnibusdam
488 1951 722 2025 unanimibus
739 1950 829 2025 inest
847 1952 926 2023 talia
953 1952 1066 2044 phin:

68 2052 124 2147 ia,
147 2053 185 2133 id
208 2051 284 2144 est,
309 2054 502 2145 voluntas,
535 2053 597 2131 vel
620 2048 735 2131 sensus
755 2049 816 2144 qui
838 2071 881 2131 ca
910 2051 1064 2131 manuali

68 2152 167 2230 odam
183 2149 346 2231 instintiu
360 2163 547 2253 provocet
568 2150 602 2223 δι
625 2149 788 2226 concitet
809 2147 854 2229 ad
875 2148 1064 2251 ordinatae

68 2250 288 2344 compositos
306 2261 449 2324 motus:
475 2250 565 2324 sicut
580 2249 743 2323 videmus
761 2268 904 2323 maneas
917 2246 1064 2343 secere,

68 2372 90 2423 e
114 2349 311 2444 phantasia,
336 2348 374 2427 id
397 2347 471 2444 est,
497 2352 690 2423 voluntate
715 2349 865 2441 quadam
888 2346 924 2423 ἃ
945 2347 1065 2426 aino

68 2450 179 2529 :trina
198 2448 241 2529 ad
259 2468 350 2551 opus
374 2449 521 2530 texendi
544 2448 792 2530 oidinatiffime
814 2448 1065 2549 cunctamur,

68 2572 85 2621 e
104 2548 217 2621 dubio
231 2548 382 2621 naturali
400 2547 553 2640 quodam
571 2558 676 2623 motu
689 2548 929 2621 intentionem
943 2547 1067 2640 hujus·

68 2648 156 2721 nodi
182 2648 301 2741 operia
325 2660 579 2740 provocantea
604 2667 674 2721 nec
698 2659 816 2723 tamen
833 2647 935 2731 ,ultra
958 2646 1067 2722 alium

68 2744 148 2820 isum
167 2747 317 2845 aliquem
333 2768 437 2845 quam
454 2745 601 2835 texendi
615 2746 775 2825 naturale
788 2743 940 2827 studitum
953 2741 1066 2837 ipsum

68 2848 141 2923 {mal
159 2846 372 2939 invenitur,
405 2846 495 2921 sicut
510 2844 544 2917 ot
562 2866 647 2939 apes
668 2842 825 2941 fingendi
850 2845 989 2936 savoa,
1021 2861 1067 2923 tc

68 2947 138 3041 ila,
164 2958 207 3023 ut
225 2944 345 3046 aiunt,
373 2946 468 3028 aetia
484 2944 733 3050 congreganti.

899 2984 1017 3140 aaa·

235 3204 659 3288 Iuaauiiatniaio
696 3224 843 3283 aovi.

68 3354 163 3424 ultas
177 3339 309 3442 quippe
323 3349 513 3444 imaginum
527 3347 655 3423 artifex
671 3348 770 3423 illuin
792 3358 895 3423 carto
910 3342 1068 3435 qiiodan

68 3447 217 3524 definito
232 3461 416 3541 provocat
432 3448 577 3523 ordinet
602 3447 650 3521 fic
665 3467 801 3521 araneae
813 3443 903 3521 inest
919 3440 1066 3523 texendi

68 3550 192 3624 antasia
208 3569 313 3639 quam
334 3546 480 3620 texendi
503 3547 680 3639 appetitus
706 3543 957 3636 consequitur,
982 3543 1067 3619 ima·

68 3672 130 3723 um
147 3644 284 3721 artifice
301 3662 427 3723 natura
440 3647 484 3719 ad
495 3647 532 3721 id
548 3647 712 3720 ordinate
721 3644 957 3738 inpellente,
980 3660 1069 3734 pro·
1116 3665 1117 3668 ‘

85 3770 191 3842 quam
208 3747 297 3819 nihil
320 3747 412 3821 aliud
432 3744 501 3819 ess'e
519 3746 684 3829 creditur,
696 3746 734 3823 in
750 3748 947 3837 minute,
969 3760 1017 3817 nc
1030 3738 1068 3815 in

68 3849 238 3953 equidem
253 3845 297 3928 ad
312 3843 500 3951 fingendas
514 3844 635 3927 savoa

491 3945 527 4027 L
551 3968 575 4051 5
936 3961 978 4043 a.
993 3934 1052 4016 im
