2498 4254
309 153 404 231 nr
454 92 901 269 onar1onn
1062 188 1143 269 or,

93 398 99 407 ,
145 337 200 391 12.
227 314 359 391 Praeter
376 317 453 391 haec
471 339 549 409 quae
571 321 708 393 virtute
725 322 832 415 plena
850 321 954 415 sunt,
979 326 1134 401 arbitror

65 414 149 509 ipsis
171 418 292 489 verbis
312 420 488 492 orationis
507 416 731 509 sanctorum,
758 424 909 494 maxime
930 442 1011 501 cum
1026 445 1132 500 oran·

64 527 123 587 tes
144 527 251 589 orant
276 515 398 608 spiritu
424 517 457 588 n
480 534 625 609 mente,
652 516 762 592 ineffe
783 521 939 594 divinam
958 524 1142 599 virtutem·

65 634 145 705 quae
172 617 255 686 luce
283 616 328 688 ab
355 618 491 690 orantis
521 618 745 714 cogitatione
777 634 903 691 exorta
933 642 978 693 ex
1009 623 1131 718 ipfius·

66 733 139 803 que
162 733 228 786 ore
251 713 392 808 emissa,
428 714 583 813 spiritale
611 712 796 811 eitinguat
823 720 920 791 virus
949 722 1048 811 quod
1073 724 1133 796 ad·

63 810 228 909 versariae
246 812 443 906 potestates
463 836 589 888 eorum
607 814 777 888 instillant
800 818 923 890 animis
943 822 1003 910 qui
1023 841 1131 897 orare

61 912 271 1007 negligunt,
296 935 366 987 nec
383 915 420 988 id
439 913 632 988 observant
648 915 747 1007 quod
761 915 888 988 Paulus
905 918 1138 1011 consequen·‘

65 1023 124 1083 ter
147 1011 191 1083 ad
218 1010 345 1085 Christi
368 1016 506 1087 monita
531 1014 637 1087 dicit:
670 1018 749 1088 Sine
775 1014 1005 1106 intermifflone
1028 1036 1129 1094 orare.

63 1109 223 1183 Scientia
241 1114 349 1191 enim,
372 1117 485 1199 ratio,
511 1126 573 1186 ant
584 1109 673 1186 fides
686 1115 819 1192 emittit
835 1117 878 1187 ab
900 1119 1035 1193 orantis
1053 1118 1128 1192 san·

63 1207 110 1281 tn
127 1212 243 1283 anima
260 1211 441 1302 quoddam
459 1213 574 1286 veluti
598 1214 732 1305 telum,
755 1215 854 1306 quod
868 1214 911 1286 ad
928 1217 1128 1307 p'emiciem

61 1329 179 1400 usqne
197 1308 230 1380 dt
246 1313 429 1386 interitum
445 1313 613 1385 vulneret
626 1314 792 1387 inimicos
806 1310 893 1386 Deo
911 1312 1051 1408 spiritus
1065 1317 1128 1408 qui
1203 1376 1205 1381 .

62 1428 135 1481 nos
151 1411 293 1501 peccati
310 1410 447 1501 laqueis
457 1413 596 1484 irretire
612 1412 774 1504 cupiunt.
825 1411 941 1484 Porro
960 1436 1041 1488 cum
1056 1417 1128 1488 vir·
1174 1413 1176 1417 ’

60 1507 150 1598 tntis
162 1498 256 1581 adius
270 1522 521 1603 praeceptaque
535 1510 726 1604 adimpleta
740 1514 778 1586 in
790 1514 966 1587 orationis
984 1527 1126 1609 partem

62 1608 233 1693 veniant,
258 1608 321 1683 ilie
334 1608 407 1683 fine
423 1607 677 1683 intermiffione
693 1623 793 1701 orat,
820 1612 879 1701 qui
890 1610 1020 1685 debitis
1038 1628 1128 1706 ope'·

60 1707 159 1799 ribus
193 1709 398 1782 orationem
417 1708 558 1804 jungit,
590 1709 821 1801 orationique
858 1712 1126 1785 convenientes

61 1804 237 1879 natones:
264 1805 353 1880 istud
369 1809 487 1900 enim,
504 1807 575 1903 fine
588 1805 818 1900 intermiffiooe
832 1824 931 1897 orate,
956 1810 1031 1881 hoc
1046 1830 1124 1884 uno

57 1905 173 1978 modo
203 1919 245 1979 ut
278 1919 498 2001 preceptum
529 1905 691 1999 posstbiie
726 1904 909 2000 possumus
936 1909 1122 2000 accipere,

58 2005 233 2097 nempefi
257 2005 448 2079 dixerimus
463 2018 579 2078 totam
597 2007 664 2079 viri
677 2004 784 2083 santii
802 2006 915 2079 vitam
938 2026 1046 2080 unam
1065 2009 1126 2080 ali·

59 2126 167 2194 quam
180 2126 338 2200 magnam
351 2104 420 2178 effe
432 2106 643 2199 continuam
655 2108 874 2193 orationem,
902 2107 1146 2197 cujusetiam'
1182 2114 1184 2119 ’

57 2226 140 2297 pars
161 2202 202 2275 fit
223 2226 300 2295 quae
325 2204 418 2278 solet
440 2203 725 2297 oratio'vocari,
752 2203 881 2297 &quae
901 2224 979 2279 non
1005 2205 1123 2277 minus

59 2324 164 2394 quam
192 2317 248 2375 ter
271 2311 411 2395 quaque
434 2304 492 2377 die
515 2301 593 2376 fieri
618 2302 745 2378 debet:
778 2302 877 2396 quod
900 2324 945 2375 ex
964 2302 1124 2377 Daniele

58 2401 283 2495 manifestum
308 2401 380 2495 est,
413 2404 473 2495 qui
493 2416 597 2476 tanto
619 2401 682 2477 fibi
705 2402 869 2496 periculo
887 2401 1124 2494 impendente

58 2503 172 2574 tribus
194 2504 417 2593 temporibus
434 2522 500 2597 per
515 2503 609 2576 diem
632 2505 770 2577 orabat.
803 2496 851 2571 Et
874 2499 1001 2573 Petrus
1015 2501 1145 2591 ascen·¹

57 2603 132 2695 dens
149 2607 186 2670 in
198 2602 362 2696 superiora
375 2619 412 2673 ut
425 2618 530 2672 oraret
541 2602 745 2672 circahoram
755 2601 902 2691 fixtom:
930 2620 1012 2672 cum
1028 2600 1134 2674 vidit

58 2727 96 2770 ex
115 2698 182 2770 c'aelo
203 2701 380 2788 descendens
403 2726 464 2773 vos
480 2718 623 2797 quotuor
635 2703 746 2774 initiis
762 2700 940 2791 submitti:
967 2698 1122 2772 mediam

58 2818 80 2872 e
102 2800 213 2873 tribus
230 2801 433 2874 orationem
452 2800 600 2874 exhibet
616 2796 720 2889 q'nam
737 2798 771 2871 dr
786 2812 870 2872 ante
887 2797 986 2871 ilium
999 2794 1122 2870 David

56 2913 425 2991 commemoraverat:
452 2902 557 2970 Mane
572 2898 711 2969 exaudies
732 2922 833 2969 vocem
848 2916 944 2966 meam
958 2914 1051 2967 marre
1065 2897 1121 2966 od-

51 2995 134 3096 Jiaio
157 3000 214 3067 ribi
231 3000 269 3074 o
282 2999 399 3069 videbo.
439 2996 736 3089 Ultimaquoque
757 2994 958 3069 ostenditur
969 2996 1024 3067 his
1040 3013 1120 3067 ver·

54 3094 128 3171 bist
165 3092 310 3170 Elevntio
338 3121 489 3168 manuum
516 3118 655 3167 mearum
676 3094 865 3187 fiacrificium
890 3095 1119 3189 vespertinum.
1190 3105 1192 3113 '

53 3196 125 3289 Sed
144 3219 262 3290 neque
279 3191 394 3269 nodis
415 3211 558 3291 tempus
581 3192 653 3268 ime
683 3197 758 3270 hoc
783 3194 959 3268 orationis
984 3209 1119 3293 genere

54 3295 151 3371 rede
167 3297 415 3392 transigemu8‚
442 3312 523 3368 cum
537 3289 658 3368 David
674 3290 787 3369 dicat:
814 3293 926 3365 Media
945 3290 1119 3382 nofiesur.

50 3392 155 3489 gedam
185 3400 224 3466 od
244 3400 452 3486 confitendum
483 3398 543 3466 iibt'
562 3397 656 3488 super
682 3398 803 3492 judicia
819 3390 953 3490 justitia
975 3409 1058 3480 ηας
1083 3391 1119 3465 &

55 3495 184 3570 Paulus
198 3496 235 3570 in
254 3492 403 3568 ditibus
420 3486 683 3588 Apostolorum
703 3490 840 3566 dicatur
858 3485 1029 3586 Philippis
1044 3510 1117 3566 me·

56 3590 115 3666 dia
137 3595 244 3668 node
269 3593 442 3671 cumsila
467 3585 579 3666 oraiie
606 3593 639 3665 dr
665 3584 817 3666 laudasse
843 3583 983 3684 Denm,
1009 3588 1118 3664 itaut

56 3693 222 3768 audirent
241 3711 328 3788 eos,
356 3694 468 3787 quiin
491 3691 652 3765 custodia
670 3700 783 3767 erant.

420 3914 425 3927 ·
492 3881 604 3981 ΡΗ
664 3906 667 3911 ·
799 3880 802 3887 ’
869 3874 1068 3983 ia.Quod
1144 3925 1148 3935 ·

1212 4050 1236 4161 i
