2498 4254
14 151 103 205 -ιο
341 122 790 243 ¹parennis

127 311 163 380 4,
188 282 260 361 Sed
275 283 319 359 ad
332 285 525 381 ipsumjam
539 288 735 362 sermonem
748 286 924 387 evangelii
938 285 1123 369 narseum

53 388 140 463 dum
154 387 217 480 est,
230 387 291 459 ubi
303 384 468 481 scriptum
488 386 538 461 est
551 389 632 480 quia
642 390 936 488 Deosspirirm'efl,
951 390 986 464 de
1003 391 1121 466 osten·

53 488 209 563 dendum
224 485 275 559 est
294 507 396 576 quam
412 488 669 578 consequenter
689 489 838 583 hisquae
854 489 1002 581 diximus
1015 492 1121 563 intelo

53 588 116 685 ligi
135 587 273 660 debeat.
310 574 575 682 interrogemus
587 608 739 680 namque
755 588 897 679 quando
912 588 974 662 ista
989 588 1125 662 dixerit

51 685 223 762 Salvator
236 683 381 777 noster,
412 687 475 758 vel
490 681 584 779 apud
597 700 724 779 quem,
750 688 812 760 vel
827 709 908 763 cum
925 688 1009 778 quid
1028 709 1121 781 quae·

52 788 204 860 rer'etur.
255 784 461 873 Invenimus
476 784 548 859 line
566 785 676 857 dubio
696 780 794 879 quo'd
810 786 854 859 ad
867 786 1122 863 Samaritanus

51 884 237 960 msdierem
258 884 409 976 loquens
430 882 494 957 ista
509 885 729 981 protulerit,
765 883 809 957 ad
828 907 905 959 eam
923 907 1000 978 quae
1018 900 1123 978 puta·

51 984 116 1059 bat
133 983 233 1076 quod
251 983 289 1055 in
306 995 432 1057 monte
448 982 604 1057 Gerizim
627 982 817 1057 secundum
832 984 1044 1080 opinionem
1059 984 1120 1058 Sa·

50 1084 308 1160 maritanorum
331 1082 473 1156 adorari
497 1096 685 1176 oporteret
705 1082 849 1178 Deum,
883 1084 1003 1157 dicens
1031 1103 1123 1175 quo·

50 1184 148 1259 niam
164 1186 254 1255 Dour
263 1180 402 1277 spiritus
416 1181 466 1280 eft.
518 1183 712 1282 Quaerebat
731 1183 826 1257 enim
845 1178 888 1256 ab
909 1203 955 1256 eo
974 1183 1123 1257 Samari«

3 1304 7 1311 ’
49 1294 136 1356 tana
151 1275 278 1355 mulier
294 1293 423 1375 putans
440 1302 522 1355 eum
541 1280 610 1354 elle
628 1303 737 1357 unum
759 1304 805 1355 ex
819 1283 970 1376 Judaeis,
997 1293 1122 1359 utrum

50 1379 91 1455 in
111 1377 371 1473 Hierosolymis
393 1380 533 1453 adorari
554 1394 745 1475 oporteret
760 1381 902 1474 Deum,
928 1402 973 1455 an
991 1382 1028 1455 in
1044 1381 1124 1457 hoc

50 1495 199 1568 monte3
226 1478 324 1553 &ita
339 1481 500 1553 dicebat:
531 1483 642 1553 Patres
659 1482 757 1578 nofirr‘
771 1505 873 1552 omnes
888 1482 944 1551 boc
959 1488 997 1550 in
1013 1497 1123 1553 monto

1 1671 2 1675 Ἰ
49 1582 289 1667 adoraverunt,
315 1579 354 1657 U
369 1605 426 1650 vos
442 1581 564 1667 dicitis,
588 1584 664 1678 quia
681 1582 903 1675 Hierosolymis
916 1581 956 1677 esi
971 1583 1050 1650 locus
1067 1580 1124 1651 obt

50 1681 180 1761 odorare
197 1693 328 1775 oportet.
362 1719 365 1723 ·
380 1676 443 1751 Ad
457 1679 533 1752 haee
546 1700 634 1776 ergo
651 1701 728 1772 quae
742 1680 956 1771 opinabatur
971 1678 1125 1753 Sarnari·

51 1791 158 1870 tana,
189 1790 318 1872 putans
340 1800 386 1852 ex
406 1780 573 1852 locorum
596 1781 839 1871 corporalium
857 1779 1121 1875 prerogativa,

1 1882 3 1889 '
51 1879 152 1973 quod
170 1880 285 1952 minus
303 1877 426 1971 reue,
450 1879 513 1951 vel
532 1878 600 1953 rite
622 1878 836 1951 adorabatur
854 1876 982 1971 Deus,
1016 1876 1123 1953 auto

50 1978 181 2075 Judaeis
204 1979 243 2051 in
262 1976 549 2071 Hierosolymis,
584 1978 823 2051 autaSamari
887 1977 896 1991 '
935 1979 973 2051 in
991 1991 1154 2053 monte

50 2076 239 2169 Gerizim,
271 2074 456 2170 respondit
474 2077 641 2150 Salvator
656 2076 725 2149 elle
744 2076 852 2151 reced
922 2098 983 2149 um
997 2098 1016 2149 a
1032 2097 1126 2169 prae·

51 2172 230 2249 sumtione
255 2176 498 2268 corporalium
528 2176 695 2248 locorum
721 2177 804 2249 huic
830 2176 891 2269 qui
915 2178 998 2249 vult
1020 2174 1127 2269 sequi
1161 2250 1164 2255 .

50 2270 272 2365 Dominum,
299 2273 398 2347 &ita
411 2273 477 2345 ait:
507 2277 609 2347 Venit
621 2275 698 2355 horo
708 2294 745 2344 ur
761 2279 833 2346 veri
848 2276 1044 2369 adoratores,
1063 2301 1124 2347 no.

2 2438 4 2443 ,
50 2398 110 2472 que
125 2380 162 2443 r'n
186 2372 433 2467 Hierosolymis,
458 2397 559 2473 aeque
576 2378 614 2444 in
635 2392 739 2447 morare
758 2377 814 2446 doc
828 2377 960 2447 odorent
980 2379 1120 2461 Parnm,

52 2477 143 2545 Deus
158 2473 296 2569 spiritus
318 2475 384 2571 osi,
417 2471 458 2550 δ’
472 2498 519 2544 eos
539 2479 596 2574 qui
615 2475 751 2545 odoram
769 2500 859 2555 oum,
884 2479 921 2546 in
932 2475 1056 2567 spiritu
1079 2475 1123 2553 δ’

51 2576 191 2645 veritato
216 2589 336 2670 oportet
358 2576 498 2646 odorare.
548 2572 599 2645 Et
620 2574 704 2646 vide
730 2594 833 2667 quain
858 2566 1122 2665 consequenter

51 2671 244 2746 veritatem
266 2668 400 2767 spiritui
426 2670 600 2767 sociavit,
625 2690 667 2744 ut
693 2674 737 2758 ad
761 2671 1018 2746 distinstionem
1043 2675 1124 2765 qui·

52 2770 136 2847 dem
156 2791 351 2863 corporum
371 2774 575 2845 nominaret
597 2769 772 2866 spiritum:
799 2771 844 2845 ad
860 2770 1125 2849 distinctionem

53 2890 146 2944 vero
161 2867 370 2945 umbrevel
379 2871 558 2966 imaginis,
584 2872 785 2945 veritatem.
837 2872 910 2972 Qui
924 2870 1016 2943 enim
1031 2871 1125 2943 ado·

53 2972 181 3045 rabant
196 2971 235 3046 in
246 2969 530 3062 Hierosolymis,
556 2971 688 3045 umbrae
700 2973 761 3042 vel
775 2971 916 3064 imagini
931 2968 1123 3047 celestium

54 3070 322 3161 deservientes,
347 3090 424 3144 non
442 3069 618 3162 veritate,
644 3091 761 3160 neque
776 3069 898 3161 spiritu
919 3070 1126 3143 adorabant

53 3166 196 3340 lgeum:
221 3170 376 3244 similiter
397 3179 517 3241 autem
539 3167 616 3241 &ii
639 3169 698 3261 qui
721 3168 916 3243 adorabant
933 3171 971 3241 in
990 3185 1123 3245 monto
1160 3218 1163 3223 -

92 3288 222 3342 anzrm.
1019 3322 1022 3343 .

59 3438 62 3445 .
131 3380 169 3455 5.'
192 3365 302 3440 Omni
325 3368 335 3439 i
361 3364 430 3439 itur
455 3360 554 3440 sensu
579 3364 639 3458 qui
667 3386 884 3460 corporeum
915 3363 1047 3457 aliquid
1072 3364 1122 3445 de

52 3462 139 3542 Deo
157 3466 306 3561 intelligi
330 3389 507 3562 lirggerit,
532 3480 644 3558 prout
664 3471 874 3560 potuimus,
901 3467 1122 3562 confutato,

53 3566 200 3639 dicimus
218 3563 408 3639 secundum
426 3567 615 3639 veritatem
629 3564 770 3658 quidem
784 3568 904 3659 Deum
916 3567 1122 3659 incompre-

9 3673 12 3678 '
52 3664 259 3739 hensrbilem
274 3655 343 3735 else
359 3679 464 3755 atque
476 3663 760 3753 inaestimabilem.
809 3665 946 3757 Siquid
965 3664 1060 3749 enim
1075 3666 1121 3740 il·-

50 3764 113 3839 lud
131 3762 181 3839 est
202 3760 301 3857 quod
325 3760 453 3839 sentire
470 3765 531 3839 vel
556 3766 754 3865 intelligere
775 3756 820 3839 de
844 3764 931 3839 Deo
952 3766 1116 3857 potueri·

157 3878 168 3895 ·'
830 3934 834 3949 ,
960 3884 1069 3959 mus,
