2498 4254
325 183 425 263 ur
476 182 929 266 oua'rrouu.
1087 208 1160 283 μς

93 354 218 428 animae
236 352 354 444 aptius
375 347 428 423 est
446 369 551 440 quam
570 348 754 424 verbum?
781 350 878 447 Quid
896 349 1067 445 sapientia
1086 347 1162 425 Dei

91 452 282 548 pretiosius
298 450 410 523 menti
425 450 499 540 ejus
516 451 576 541 qui
590 448 700 541 ipsam
714 448 859 542 capiat?
884 451 983 551 Quid
1000 451 1161 523 rationa-

91 555 155 626 bili
173 564 308 624 naturae
327 551 481 621 veritate
502 546 814 621 convenientius?
844 546 904 621 Ad
927 550 1003 622 haec
1025 548 1052 622 sr
1079 550 1166 643 quis,

92 653 261 744 objiciat,
287 649 313 721 s1
329 650 412 720 hac
431 650 482 720 ita
503 647 539 721 se
557 648 752 736 haberent,
777 647 938 724 futurum
954 669 1031 721 non
1051 646 1155 721 fuisse

90 764 134 822 ut
158 747 315 822 Christus
336 748 535 840 petendum
558 747 712 819 doceret
734 745 996 821 substantialem
1025 754 1158 841 partein

90 849 187 940 quast
205 848 336 938 aliquid
354 849 422 919 ase
433 845 629 920 diversum:
655 847 775 919 audiat
786 848 847 920 iiie
861 849 969 921 etiam
984 849 1021 918 in
1036 844 1158 919 Evan-

90 949 189 1043 gelio
214 945 408 1019 secuudum
430 947 610 1041 Joaunem
631 944 824 1037 aliquando
844 958 890 1033 ut¹
912 945 957 1020 de
979 947 1051 1017 aiio
1078 943 1176 1017 ase¹

91 1045 235 1118 diverso
252 1046 374 1137 loqui;
400 1046 593 1138 aliquando
605 1045 673 1136 ita,
700 1044 795 1138 quasi
813 1044 886 1137 ipse
899 1047 1001 1140 panis
1019 1044 1071 1119 sit.
1097 1043 1157 1119 Ac

90 1158 135 1216 ut
152 1146 197 1217 de
218 1147 289 1217 alio
306 1145 450 1236 quidem
469 1145 631 1236 loquitur
644 1145 717 1218 ibi:
743 1146 872 1238 Moyses
888 1147 973 1215 dedit
992 1145 1081 1214 vobis
1096 1164 1157 1241 pas
1235 1170 1244 1199 a

88 1270 164 1315 nem
183 1246 219 1315 de
235 1254 303 1314 caelo
317 1270 384 1315 non
399 1266 533 1332 verum,
558 1246 607 1327 seri
618 1261 714 1339 puter
728 1269 811 1315 meus
825 1246 881 1315 dat
892 1245 980 1315 uobis
991 1266 1106 1340 pamm
1118 1245 1155 1315 de

88 1346 160 1415 caio
179 1366 316 1430 aarum
341 1344 384 1417 iis
405 1365 498 1417 vero
517 1345 578 1434 qui
600 1343 764 1416 dixerant
781 1343 825 1417 ad
845 1365 946 1418 eum:
973 1349 1099 1441 Semper
1115 1345 1171 1416 da·

90 1445 180 1516 nubis
194 1465 311 1542 panem
328 1446 434 1531 bunc,
460 1455 503 1517 ut
519 1442 564 1515 de
582 1441 618 1516 se
637 1440 714 1536 ipso
731 1430 912 1536 loquitur:
940 1446 1005 1539 Ego
1015 1446 1088 1533 sum
1098 1466 1157 1541 pa·
1202 1474 1206 1491 ¹

87 1549 144 1615 rtis
166 1551 264 1616 uitat
289 1548 347 1641 qui
370 1549 464 1615 venit
485 1544 525 1615 ab
548 1566 595 1613 me
618 1543 837 1631 danastrin,
873 1539 912 1619 (t
929 1554 984 1642 qui
1002 1547 1099 1615 credit
1116 1549 1156 1615 in

88 1671 159 1730 me,
185 1669 250 1716 arou
271 1645 357 1734 fitie't
376 1660 528 1742 unquam.
555 1673 558 1677 ·
578 1640 629 1713 Et
650 1640 860 1735 paulopostt
890 1645 954 1737 Ego
969 1646 1155 1742 sumpturis

88 1750 147 1843 qui
167 1744 201 1815 de
214 1744 282 1814 cala
303 1744 450 1832 descendi.
504 1745 545 1813 Si
566 1747 639 1838 quit
660 1745 902 1829 manducaverit
927 1770 966 1815 ex
981 1746 1038 1814 brc
1049 1765 1155 1840 pam,

87 1849 186 1914 vivet
200 1849 238 1913 sn
261 1859 432 1931 aternum,
459 1838 499 1916 ὅ
513 1830 610 1937 pqr}
632 1865 722 1938 quem
743 1866 792 1934 ega
815 1842 909 1930 dabo,
938 1868 1007 1915 caro
1028 1844 1155 1941 meaer

89 1967 186 2041 quam
199 1968 249 2036 ego
265 1943 339 2012 dabo
350 1963 408 2037 pro
422 1942 534 2011 mundi
546 1945 631 2012 vita.
664 1938 714 2012 Et
731 1940 903 2031 quoniam
917 1943 1018 2016 cibus
1035 1945 1155 2016 omnic

88 2044 194 2138 panis
212 2043 344 2114 dicitur
362 2043 464 2134 juxta
484 2039 717 2133 scripturam,
742 2052 784 2112 ut
800 2053 903 2134 patet
922 2064 967 2115 ex
988 2041 1155 2136 eoquod

88 2141 137 2215 de
160 2140 294 2234 Moyse
310 2138 481 2236 scriptum
497 2138 567 2215 est:
597 2143 715 2211 Panem
738 2163 805 2209 nort
820 2143 948 2212 comedit
965 2144 1156 2240 quadragin-

90 2259 128 2313 ta
151 2243 256 2311 diebus
273 2239 312 2317 (J
336 2266 449 2339 aqum
468 2265 534 2310 uon
561 2240 822 2327 bibittvatium
843 2239 895 2314 est
912 2255 1032 2315 autem
1051 2240 1154 2315 &di-
1238 2288 1241 2295 -

89 2341 232 2416 versum
249 2343 401 2415 verbum
418 2339 518 2431 quod
538 2341 634 2412 alere
654 2336 799 2431 potest,
824 2360 907 2435 cum
928 2361 1006 2415 non
1025 2361 1154 2416 omnes

89 2439 222 2536 possint
239 2440 419 2513 soliditate
439 2460 481 2512 ac
500 2436 669 2513 firmitate
690 2439 817 2512 nutriri
836 2438 1037 2515 divinarum
1057 2440 1155 2513 disci·

90 2543 288 2634 plinarurn,
314 2541 400 2612 ideo
427 2560 509 2613 curn
532 2536 772 2613 robustiorem
795 2539 909 2612 vellet
930 2537 1157 2634 perfectiori·

89 2642 158 2712 bus
178 2641 297 2712 cibum
312 2658 542 2733 proponere,
568 2640 635 2711 ait:
661 2639 711 2709 Et
718 2642 814 2735 panis
830 2664 919 2736 quem
932 2665 980 2735 ego
995 2642 1069 2710 dabo
1081 2664 1153 2711 caro

88 2740 210 2833 meaess
237 2763 329 2834 quam
352 2764 401 2832 ega
418 2738 494 2809 dabo
513 2742 708 2834 prumttndr'
730 2742 816 2808 vita.
866 2735 916 2811 Et
936 2737 1159 2832 paulopost:·

89 2835 169 2934 Nrfi
185 2838 455 2909 manducaveritis
475 2862 600 2908 carnem
616 2839 686 2927 filis
708 2839 849 2908 bominis
866 2836 906 2914 (5
924 2838 1063 2909 biberitis
1084 2843 1155 2936 ejus

79 2939 290 3030 sanguinum,
316 2962 383 3008 non
400 2937 672 3008 babebitisuitam
688 2941 725 3006 in
741 2932 841 3011 vobis.
892 2940 962 3030 Qui
982 2938 1152 3009 manducat
1209 2992 1218 3003 ,

87 3062 187 3107 meam
203 3061 326 3107 tamem
341 3034 380 3112 (Ἰ
399 3036 477 3107 bibit
492 3060 591 3108 meum
604 3037 811 3131 sanguinem,
837 3036 932 3109 babet
943 3043 1048 3109 vitam
1063 3053 1153 3109 ater·

86 3162 186 3224 nam,
213 3140 253 3212 (5
270 3163 319 3231 rgo
338 3137 518 3226 resuscitabo
533 3160 604 3210 eum
621 3143 659 3206 iu
678 3135 842 3230 novrffim
856 3139 916 3208 die.
971 3143 1052 3209 Caro
1066 3144 1153 3209 euim

86 3262 156 3308 mea
172 3260 248 3308 vere
263 3240 301 3325 esi
317 3242 403 3307 cibus
416 3234 456 3313 θ
464 3240 596 3332 unguis
613 3262 697 3308 meus
711 3263 786 3310 vere
799 3237 839 3334 efi
854 3254 970 3333 potus.-
993 3246 1050 3336 qui
1061 3262 1153 3309 matr·

87 3340 182 3409 ducat
193 3363 292 3408 meam
308 3363 433 3408 carnem
448 3336 487 3413 ss
500 3338 580 3409 bibit
592 3362 693 3408 meum
702 3340 908 3431 haguinum,
933 3343 971 3407 in
984 3362 1031 3410 me
1044 3354 1153 3410 manet

87 3437 128 3513 (⁴5
147 3462 198 3532 rgo
215 3444 253 3509 iat
267 3462 309 3512 eo.
340 3444 436 3509 Sicut
453 3439 534 3535 mifit
548 3462 594 3508 me
611 3436 731 3508 vivmr
744 3456 836 3534 pater
848 3437 887 3513 (Ἰ
901 3462 949 3531 ego
965 3440 1045 3510 viv'o
1057 3460 1151 3536 prop-

89 3554 142 3606 ter
151 3555 297 3633 patrem,
325 3537 364 3614 θ
376 3544 434 3636 qui
456 3541 623 3609 manducat
643 3562 690 3608 me
705 3536 744 3614 (ὅ
759 3540 822 3634 ipse
836 3546 930 3611 vivet
945 3557 1072 3636 propter
1092 3562 1151 3611 me.

87 3635 161 3709 Hic
182 3636 232 3710 est
251 3659 359 3711 verus
376 3639 478 3710 cibus
498 3659 584 3712 caro
603 3633 753 3730 Christi,
780 3643 840 3730 qui
859 3638 978 3724 cibus,
1005 3659 1085 3714 cum
1103 3636 1152 3710 es·

86 3734 143 3808 set
160 3740 331 3824 verbum,
359 3736 471 3811 satius
493 3736 544 3810 cst
568 3758 674 3823 caru,
697 3739 800 3829 juxta
821 3736 927 3811 iliud:
955 3739 1003 3811 Et
1020 3739 1158 3807 verbum

83 3836 291 3932 caro'satium
305 3837 366 3936 ‘bi
393 3837 539 3931 quando
553 3858 574 3915 a
587 3838 696 3915 nobit
713 3838 968 3932 manducatur,
989 3838 1161 4007 {uireba-

521 4000 524 4005 .
1013 3960 1028 4003 t
1050 3957 1110 4003 0.Ἷὶ
