2498 4254
125 210 196 287 270
414 142 862 263 oniensis

124 350 292 443 exempto
315 346 367 421 est
388 345 495 443 Juaas
515 346 559 420 ai
577 347 794 441 proditionis
810 348 949 423 facinus
971 348 1106 425 diaboii
1121 336 1200 427 im>

124 451 283 529 missione
297 462 547 543 provocatus,
562 448 652 520 sicrit
665 446 835 541 scriptiua
853 449 1023 545 declarat,
1039 450 1185 541 dicens:

127 557 207 625 Cum
225 566 330 623 autem
343 553 420 646 jam„
430 549 568 618 diabolus
590 546 711 643 mistffet
734 555 770 618 in
787 574 837 619 ror
856 552 952 645 Judae
972 556 1127 621 Scariotis
1147 566 1187 623 ut

110 640 266 725 ⁴maderet
289 675 368 719 eum.
432 647 527 720 Boni
558 667 649 720 vero
674 646 812 740 spiritus
835 649 964 745 recipit
983 652 1061 741 quis
1084 670 1187 723 ener·

126 752 240 849 giam,
265 748 302 822 id
319 747 390 839 est,
415 746 728 840 inoperationem,
756 755 837 819 'cum
858 762 1030 821 movetur
1050 751 1188 845 &pro-

125 861 284 924 vocatur
307 848 350 921 ad
368 849 487 939 bona,
523 845 758 939 &inspiratur
776 848 820 919 ad
837 846 991 920 coelestia
1009 851 1072 922 vel
1094 849 1187 923 divi·

125 971 192 1024 na:
218 949 307 1021 sicut
325 945 429 1019 sandii
447 946 560 1041 angeli
582 944 706 1039 &ipsc
728 945 829 1018 Deus
849 946 1059 1039 inoperatus
1078 948 1187 1022 estin

81 1128 87 1141 „
125 1048 337 1144 prophetis,
363 1044 640 1143 suggestionibus
661 1043 781 1117 fandis
808 1045 851 1117 ad
876 1048 1026 1143 meliora
1045 1068 1186 1141 provo·

127 1147 257 1222 cans&
273 1148 489 1219 cohortans:
516 1145 566 1216 ita
584 1143 664 1217 sane
676 1157 719 1216 ut
729 1157 890 1217 maneret
902 1147 940 1219 in
957 1147 1106 1219 arbitrio
1120 1148 1188 1220 ho·

125 1249 231 1349 minis
251 1267 293 1318 ac
312 1244 479 1337 judicie,
509 1242 536 1315 si
557 1244 653 1335 sequi
673 1244 845 1316 velit‘aut
859 1246 954 1317 nolit
971 1246 1014 1318 ad
1032 1245 1187 1321 coelestia

129 1347 165 1420 u
184 1345 305 1418 divina
323 1346 600 1438 provocantem.
655 1342 763 1415 Unde
785 1343 820 1415 δι
844 1366 889 1416 ex
909 1346 975 1417 hac
1002 1344 1187 1420 manifesta

127 1442 342 1519 discretione
363 1442 580 1539 dignoscitur
600 1442 788 1534 quomodo
806 1445 921 1516 anima
939 1444 1099 1518 melioris
1122 1446 1186 1537 spi·
1202 1488 1211 1503 .

126 1547 217 1619 ritus
232 1542 415 1637 prasentia
434 1556 653 1634 moneatur,
678 1543 715 1615 id
736 1542 810 1634 est,
843 1543 1015 1617 sinullam
1040 1544 1185 1639 prorsus

128 1666 174 1719 ex
187 1643 385 1717 imminenti
400 1640 612 1735 aspiratione
621 1642 916 1715 obturbationem
928 1646 988 1716 vel
1002 1644 1187 1717 alienatio·

53 1820 55 1823 .
126 1764 210 1821 uem
225 1743 354 1816 mantis
371 1742 549 1834 incur-rat,
574 1762 645 1812 nec
659 1741 786 1833 perdat
804 1742 937 1814 arbitrii
953 1742 1002 1814 sui
1013 1743 1186 1834 judicium

125 1845 298 1920 onerum:
323 1842 411 1916 sicut
425 1843 592 1934 exemplo
602 1839 682 1913 sunt
692 1860 818 1913 omnes
834 1842 895 1914 vel
909 1843 1110 1937 prophetae,
1125 1842 1187 1917 vel

128 1942 303 2038 apostoli,
330 1944 389 2033 qui
403 1941 532 2014 divinis
548 1939 720 2033 responsis
740 1941 812 2038 sine
829 1942 902 2013 ulla
918 1942 1047 2015 mentis
1061 1946 1186 2016 obtur-

126 2045 276 2118 batione
287 2040 539 2115 ministrabant.
589 2039 683 2113 Boni
699 2058 787 2135 ergo
800 2038 1186 2137 spiritussuggestioni·

125 2144 194 2216 bus
210 2144 398 2215 humanam
408 2140 616 2213 memoriam
630 2145 672 2211 ad
688 2139 979 2214 recordationem
997 2142 1188 2216 meliorum

131 2243 331 2335 provocari
349 2239 518 2331 exemplis
538 2239 610 2330 jam
631 2239 669 2310 in
691 2236 931 2331 superioribus
957 2240 1188 2347 edocuimus,

131 2350 214 2412 cum
233 2338 474 2461 ¹Mardochaai
511 2337 545 2411 δι
583 2336 793 2411 Artaxerxis
831 2339 981 2413 fecimus
1015 2341 1193 2416 ementio-

128 2452 223 2515 ne'tn.
286 2454 289 2461 '
1166 2468 1173 2495 -·

145 2588 147 2593 -
203 2558 237 2627 5.
252 2584 255 2589 -
269 2534 361 2609 Illud
387 2556 533 2629 quoquc
557 2535 817 2628 consequenter
846 2538 1099 2630 requirendum
1122 2559 1189 2631 pu-

97 2654 101 2661 ·
129 2649 173 2710 to
185 2634 276 2734 (¹²),
310 2636 496 2727 exquibus
518 2637 626 2710 causis
641 2637 793 2710 humana
811 2637 924 2710 anima
937 2660 1033 2711 nunc
1047 2637 1186 2729 quidem

131 2738 299 2827 abonis,
324 2756 421 2808 nunc
444 2749 563 2809 autem
584 2750 778 2809 moveatur
803 2738 953 2813 amalis.
1001 2738 1110 2832 Cujus
1134 2736 1188 2810 rei

128 2835 247 2909 causas
261 2831 425 2929 ¹suspicor
450 2834 520 2909 esse
546 2829 723 2928 quasdam
739 2836 958 2929 antiquiores
984 2840 1090 2911 etiam
1121 2836 1189 2909 hac

62 2949 64 2953 '
126 2937 320 3012 nativitate
350 2956 553 3028 corporea,
586 2937 676 3009 ficut
698 2935 854 3032 designat
872 2937 1031 3031 Joannes
1058 2939 1096 3008 in
1118 2958 1188 3009 ma·

125 3038 199 3129 tris·
212 3048 344 3110 ventre
363 3035 561 3129 tripudians
584 3035 618 3107 δι
640 3036 832 3129 exultans,
866 3058 947 3110 cum
964 3058 1041 3108 vox
1065 3034 1191 3107 salutas

125 3136 238 3229 tionis
251 3134 380 3229 ¹Mariae
394 3135 438 3208 ad
451 3155 553 3207 aures
571 3132 759 3208 Elizabeth
772 3136 893 3209 matris
907 3136 982 3227 ejus
1001 3138 1107 3209 allata
1119 3134 1189 3209 est:

129 3234 416 3331 &³³aadealarat
448 3234 645 3308 Hieremias
672 3238 873 3329 propheta,
908 3236 968 3326 qui
1000 3248 1191 3327 antequam

126 3331 415 3431 plasmaretur-in
438 3348 544 3407 utero
566 3335 709 3427 matris,
743 3335 909 3430 cognitus
930 3347 1006 3407 erat
1021 3336 1129 3427 Dec,
1156 3336 1191 3409 u

129 3446 320 3527 antequam
331 3426 358 3509 'e
375 3436 491 3511 vulva
501 3435 717 3530 procederet
730 3431 962 3508 sanciificatus
984 3436 1029 3511 ab
1051 3434 1194 3607 cogist,¹

177 3727 240 3829 (*)
268 3733 330 3804 Sed
344 3730 383 3810 (5
398 3734 454 3804 hoc
470 3735 692 3831 requirendum
706 3758 805 3832 quare
822 3735 963 3805 humana
980 3737 1089 3807 anima
1103 3758 1200 3807 num·

119 3831 166 3901 a}
185 3835 268 3918 lais,
303 3856 405 3907 nunc.
424 3837 464 3906 ab
487 3836 561 3907 aliis
584 3836 764 3909 virtutibus
788 3834 830 3914 ad
861 3836 987 3927 diversa
1012 3852 1190 3915 moveatur.

99 3920 168 4006 Ex
179 3928 306 4030 Epidii
314 3937 480 4017 Hieron.
494 3936 540 4015 ad
556 3933 728 4029 Avitum.
