2498 4254
187 223 326 302 auu
374 204 710 318 annuerant,
759 218 862 299 tra.
887 218 951 299 nr.
1045 246 1117 324 259

56 385 157 483 quod
176 386 365 479 aliquoties
387 408 432 461 ex
454 387 561 460 nobis
580 384 659 478 ipsas
674 385 896 479 procedant,
923 385 1116 479 aliquoties

56 510 78 561 a
99 486 287 560 contrariis
308 487 502 560 virurtibus
523 487 773 560 concitentur:
807 486 984 558 interdurn
1008 486 1117 563 etiam

56 587 210 681 aDe0,
247 587 310 659 vel
332 607 352 657 a
381 584 502 659 saniiis
530 586 662 683 angelis
677 584 923 660 immittantur.
974 582 1115 660 Verum

54 688 134 761 haec
148 686 199 757 ita
214 683 283 759 ene
298 684 498 758 fabulosum
513 682 659 759 fortasse
672 684 874 775 videbitur,
890 681 953 757 nili
966 682 1114 778 scnptu-

54 805 104 858 rae
127 785 258 857 divinae
282 784 491 859 testimoniis
517 785 626 858 suerit
650 786 936 879 comprobatum.
1003 784 1117 882 Quod

56 904 146 979 ergo
171 886 345 980 cogitatio
371 884 508 958 oriatur
533 906 578 958 ex
602 884 731 977 nobis,
757 883 880 956 David
904 882 1052 957 testatur
1077 885 1116 957 in

54 981 194 1079 psalmis
210 986 358 1057 dicens:
385 989 475 1079 Quia
491 988 635 1080 cogitatio
656 984 796 1054 hominis
818 986 1019 1076 confitebitur
1040 972 1121 1071 rtis,

54 1082 96 1159 θ
112 1084 251 1181 reliquia
268 1090 463 1177 cogitationis
473 1088 552 1157 diem
561 1086 676 1183 sessum
693 1104 784 1177 rigent
800 1084 871 1157 rili.
924 1084 1036 1185 Quod
1057 1103 1126 1155 au-.

55 1196 132 1256 tem
146 1184 213 1255 &a
231 1185 418 1256 contrariis
436 1185 631 1257 virtutibus
645 1182 724 1257 lieri
738 1185 870 1277 soleat,
894 1183 1066 1257 Salomon
1077 1184 1117 1255 in

54 1280 265 1355 Ecclesiaste
275 1281 423 1355 testatur
435 1285 506 1357 hoc
515 1282 648 1358 modo:
675 1288 715 1355 Si
727 1288 860 1381 spriritus
869 1290 1047 1381 potestatem
1057 1284 1118 1354 ua·

54 1382 163 1453 brutis
179 1386 350 1470 ascenderit
367 1384 462 1479 firpcr
485 1402 542 1473 te,
566 1388 664 1456 locum
683 1400 773 1455 tuum
795 1410 835 1454 ue
855 1387 1017 1457 dimittas:
1043 1409 1118 1481 quo·

55 1487 147 1553 niam
156 1483 283 1570 fimitas
299 1486 454 1579 compescit
461 1502 587 1580 peccota
601 1486 715 1557 multo.
765 1483 815 1557 Et
827 1482 955 1556 Paulus
975 1482 1118 1576 aposto-

57 1584 116 1655 lus
132 1581 177 1655 de
193 1581 318 1657 iisdem
336 1583 577 1658 testimonium
590 1584 708 1679 dabit,
736 1584 879 1656 dicens:
908 1588 1118 1677 Cogitationes

56 1682 272 1781 dcpirueutes,
306 1680 345 1758 (5
363 1708 480 1754 omnem
500 1688 665 1755 elationem
686 1709 753 1781 qua
770 1685 803 1773 se
826 1687 947 1754 extodid
968 1676 1118 1769 adversus

52 1784 224 1873 scientiam
244 1780 375 1878 Christi.
425 1778 483 1854 Ex
500 1783 587 1856 Deo
609 1796 727 1856 autem
748 1783 847 1874 quod
870 1780 963 1874 fiat,
995 1780 1119 1854 Dauid

56 1882 290 1955 nihilominus
305 1881 454 1956 testatur
468 1882 506 1956 in
524 1881 661 1978 psalmis
678 1883 819 1956 dicens:
853 1886 972 1953 Beatus
991 1892 1048 1951 vir
1064 1906 1120 1951 cu·

63 1986 112 2051 'us
137 1983 176 2073 esi
200 1984 344 2074 susceptio
369 1984 452 2079 opud
475 2000 508 2054 te
536 1990 688 2069 Douriuc,
715 1983 854 2071 ascensus
869 1987 906 2051 in
931 1984 1018 2053 corde
1041 1986 1120 2077 ejus.

92 2094 111 2153 t
132 2078 331 2177 Apostolus
356 2079 442 2154 dicit
465 2085 633 2173 quoniam
658 2090 744 2153 licus
762 2084 847 2152 dedit
867 2086 904 2153 in
923 2085 1010 2153 corde
1031 2084 1117 2157 Tiri.

59 2182 175 2353 guod
191 2200 283 2253 vero
304 2182 408 2255 etiam
432 2202 496 2277 per
517 2182 662 2278 angelos
680 2183 739 2254 vel
754 2182 898 2275 bonos,
923 2181 985 2253 vel
1004 2183 1118 2255 malos

95 2281 178 2371 'qua
195 2280 355 2352 humanis
383 2282 552 2354 cordibus
580 2282 837 2377 suggerantur,
880 2280 1037 2379 defignat
1057 2280 1121 2354 vel

59 2378 220 2452 Tobiam
233 2378 377 2474 angelus
392 2382 581 2454 comitatus
595 2381 856 2475 velProphetae
871 2381 987 2453 sermo
998 2380 1122 2467 dicen·

59 2480 126 2551 tis:
156 2482 201 2550 Et
221 2480 376 2575 respondit
389 2482 517 2573 angelus
530 2487 589 2653 gui
604 2482 785 2577 loquebatur
796 2488 833 2552 iu
849 2508 911 2549 me:
937 2478 995 2552 sed
1013 2479 1120 2553 &Pa-

61 2576 274 2657 storisliber
290 2581 365 2650 haec
389 2580 511 2652 eadem
555 2582 687 2653 celarat
706 2580 826 2653 dicens
843 2580 941 2673 quod
962 2579 1036 2651 bini
1061 2601 1120 2653 an·

63 2678 134 2773 geli
166 2676 322 2771 smgulos
356 2698 518 2771 quosque
548 2681 733 2753 hominum
765 2682 1005 2753 comitentur:
1039 2678 1121 2763 &li

10 2845 12 2852 .
63 2776 208 2867 quaudo
228 2779 334 2848 bonae
354 2778 593 2873 cogitationes
612 2799 677 2852 cor
694 2778 856 2854 nostrum
875 2778 1120 2871 ascenderint,

64 2876 205 2947 abono
228 2879 355 2971 angelo
372 2873 506 2974 suggeri
521 2880 624 2953 dicit:
650 2880 675 2953 sr
693 2901 787 2951 uero
802 2879 1010 2965 contrariae,
1037 2877 1121 2949 mali

10 2988 13 3069 ξ
64 2976 181 3069 angeli
202 2975 287 3047 dicit
307 2972 376 3048 else
400 2977 610 3053 instintlum.
666 2978 801 3052 Eadem
823 3000 967 3071 quoque
990 2978 1121 3049 Barna·

10 3071 15 3135 ἶ
64 3073 126 3147 bas
142 3075 179 3146 in
194 3072 343 3167 epistola
357 3072 416 3147 sua
433 3076 608 3166 declarat,
636 3098 716 3149 cum
731 3079 815 3150 duas
837 3080 910 3150 vias
933 3074 1001 3148 effe
1018 3076 1120 3169 dicit,

64 3194 172 3246 unam
190 3174 301 3269 lucis,
334 3174 481 3273 alteram
500 3178 750 3271 tenebrarum,
778 3179 904 3268 quibus
924 3175 957 3246 &
977 3172 1122 3267 praeesse
1139 3172 1145 3185 ”

67 3287 188 3346 certos
204 3294 367 3365 quosque
380 3276 524 3371 angelos
542 3276 648 3348 dicit:
671 3276 740 3349 viae
755 3276 897 3367 quidem
911 3276 1000 3347 lucis
1018 3296 1122 3370 ange·

66 3374 121 3447 los
152 3372 243 3444 Dei:
277 3376 503 3447 tenebrarum
531 3389 649 3449 autem
680 3376 771 3470 viae,
799 3377 944 3470 angelos
969 3372 1119 3451 Satanae.

67 3472 168 3547 Nihil
191 3484 312 3545 tamen
336 3472 432 3546 aliud
454 3475 661 3567 putandum
682 3472 733 3548 e'st
757 3476 918 3547 accidere
943 3473 1049 3547 nobis
1075 3494 1123 3546 ex

68 3574 146 3666 ipsis
167 3593 244 3662 quaa
266 3573 368 3644 cordi
383 3572 509 3646 nostro
533 3575 763 3670 suggeruntur
783 3574 891 3646 bonis
914 3574 977 3645 vel
998 3573 1122 3663 malls,

67 3673 130 3745 nisr
150 3675 434 3749 commotionem
449 3673 558 3748 solam
576 3672 893 3747 &incitamentum
912 3690 1122 3766 provocans

29 3808 34 3817 ·
69 3795 137 3846 nos
150 3774 212 3846 vel
226 3774 268 3845 ad
286 3773 385 3845 bona
400 3775 460 3845 vel
475 3776 518 3847 ad
537 3775 639 3849 mala.
690 3772 852 3847 Polsrbile
875 3788 993 3846 autem
1015 3769 1122 3841 nobis

29 3898 32 3932 ε
71 3872 212 3951 osteum
222 3874 503 3972 malignavirtus
517 3895 586 3946 nos
600 3869 1152 3973 coepcritadmalumincitare,

529 3975 566 4057 R
592 3996 615 4055 2
967 3969 1115 4063 aniate-
