2498 4254
311 150 905 233 oa-onnrrouu.
1067 166 1144 256 ato

84 338 166 399 uon
181 318 293 415 longe
315 314 414 391 abest
430 317 475 389 ab
492 318 629 412 angulis
644 318 853 410 platearum.
902 311 975 388 Sed
992 316 1050 389 vir
1066 319 1145 393 san·

85 414 163 495 &uc
180 438 259 492 non
277 415 329 490 est
346 417 533 508 eiusmodi.
582 414 674 489 Non
694 418 790 489 enim
811 427 906 489 amat
931 434 1058 507 orare,
1083 416 1146 493 sed

83 518 222 612 diligit,
252 535 323 589 nec
349 517 387 588 in
411 514 621 611 synagogis,
652 513 773 589 sedin
796 513 975 604 ecclesiis,
1008 536 1079 589 nec
1104 518 1145 591 iu

84 617 223 710 angulis
255 616 476 710 platearum,
511 612 571 686 sed
604 616 642 686 in
671 612 885 687 rociitudine
918 612 1070 708 angustae
1109 614 1145 689 st

61 734 66 741 ·
85 713 188 791 ar8cae
207 717 296 788 viae:
322 735 442 805 neque
467 725 509 785 ut
526 712 690 786 videatur
707 715 752 785 ab
771 712 1003 805 hominibus,
1029 712 1088 788 sed
1103 724 1148 789 ut
1200 746 1202 751 ·

85 820 257 908 appareat
275 814 315 887 in
333 809 527 909 conspesiu
543 810 693 887 Domini
715 810 798 887 Dei.
848 810 1031 886 Masculus
1047 816 1145 889 enim

86 912 140 994 est
157 912 416 1006 acceptabilem
438 911 591 988 Domini
613 930 745 985 aunum
770 912 958 1005 cogitans,
983 913 1145 1005 illudque

86 1009 233 1089 servans
256 1013 483 1086 mandatum:
522 1003 641 1085 Tribus
666 1011 850 1106 temporibus
874 1016 959 1081 anni
984 1015 1151 1107 apparebit·

87 1135 179 1186 omne
195 1113 401 1201 masculinum
415 1127 494 1183 onte
515 1115 692 1185 Dominum
713 1115 828 1182 Deum.
880 1106 941 1183 Est
964 1123 1083 1187 autem
1100 1112 1151 1185 di.

72 1211 242 1313 ¹ligenter
259 1209 492 1307 intelligenda
505 1213 565 1285 illa
582 1232 680 1305 vox,
705 1213 889 1288 videantur.
923 1210 1035 1307 Quod
1051 1213 1150 1293 enim

89 1321 233 1385 tantum
259 1310 426 1403 videtur,
457 1312 644 1405 pulchrum
667 1333 746 1386 non
778 1309 850 1397 est,
886 1313 1021 1404 quippe
1048 1309 1151 1401 quod

89 1409 269 1503 opinione
289 1408 403 1483 solum
422 1409 517 1483 lit&
540 1431 619 1484 non
631 1432 743 1504 vere,
770 1412 997 1501 animumque
1011 1408 1095 1483 salsa
1112 1409 1148 1483 ἀ

85 1508 188 1585 inani
216 1510 368 1604 imagine
399 1510 568 1602 decipiat.
618 1510 934 1606 Quemadmodum
969 1525 1090 1586 autern
1121 1511 1148 1583 ii

86 1609 150 1700 qui
175 1605 312 1683 sabulaa
326 1608 374 1680 in
399 1609 548 1682 theatris
564 1626 694 1706 agunt,
718 1630 798 1682 non
823 1610 859 1681 id
880 1608 962 1684 sunt
978 1609 1153 1705 quodldi.

86 1720 197 1799 cunt,
223 1727 344 1799 neque
366 1708 465 1799 quod
482 1722 632 1802 propter
651 1707 852 1801 impositam
868 1706 1056 1800 personam
1078 1707 1149 1783 elle

86 1807 279 1881 uidentur:
304 1806 351 1881 src
376 1808 591 1900 quicumque
617 1806 759 1881 honesti
784 1804 902 1902 specie
926 1820 1066 1882 tantum
1089 1826 1150 1881 or·

87 1919 243 1996 uantur,
268 1925 345 1979 uon
358 1905 442 1999 justi
460 1909 562 1999 sunt,
586 1904 647 1981 sed
657 1905 801 1999 justitia
819 1903 1009 1981 histriones
1028 1909 1088 1999 qui
1107 1909 1149 1982 in

86 2003 155 2082 suo
171 2002 280 2099 &ipsi
295 2006 440 2079 theatro
460 2018 589 2102 agunt,
612 2008 650 2080 in
669 2005 856 2102 synagogis
874 2005 1010 2079 scilicet
1030 2007 1064 2079 sc
1089 2028 1151 2081 au·
1170 2056 1178 2077 t

86 2107 179 2201 gulis
198 2106 405 2198 platearum.
458 2107 533 2201 Qui
558 2126 650 2178 vero
672 2108 866 2200 hypocrita
885 2125 963 2179 non
990 2105 1062 2198 est,
1087 2102 1149 2181 sed

85 2203 208 2279 alieno
224 2204 323 2277 omni
347 2218 480 2278 ornatu
501 2204 668 2298 deposito
696 2206 757 2279 fibi
785 2203 849 2298 ipli
866 2206 1009 2298 placere
1030 2204 1151 2279 studet

84 2303 127 2379 iu
143 2303 208 2374 illo
227 2304 372 2376 theatro
392 2305 490 2395 quod
513 2301 687 2398 praediiiis
709 2304 778 2378 illis
798 2306 907 2400 longe
925 2303 1146 2397 prostantiua

88 2399 166 2494 cst,
191 2403 221 2475 ia
239 2402 350 2475 intrat
366 2402 403 2476 in
418 2403 626 2476 cubiculum
641 2402 759 2497 suum,
784 2405 847 2479 ubi
865 2418 996 2498 proter
1014 2424 1150 2501 conge·

87 2500 159 2577 stas
175 2501 318 2574 divitias
333 2521 413 2575 cum
435 2500 668 2596 sapientiae&
689 2502 845 2577 scientiae
866 2500 929 2577 sthi
947 2502 1151 2579 thesaurum

87 2599 297 2692 incluserit,
320 2620 391 2675 nec
408 2601 506 2675 foras
524 2601 689 2696 respicit,
714 2624 785 2689 nec
800 2603 916 2675 inhiat
931 2605 976 2676 ad
993 2604 1153 2679 exterior

87 2719 150 2786 ra,
184 2698 408 2792 occlusaaque
435 2703 603 2775 omnibus
627 2699 790 2776 sensuum
816 2698 915 2777 ostiis
939 2723 987 2775 ne
1012 2703 1056 2774 ab
1078 2702 1150 2775 illia

88 2795 301 2873 distrahatur
319 2814 529 2877 aureorum
550 2799 724 2895 imagines
741 2802 778 2873 in
802 2801 957 2875 animum
973 2800 1153 2873 intromit-

89 2907 238 2990 tantur,
271 2910 354 2972 orat
378 2913 517 2992 patrem
543 2901 603 2991 qui
630 2894 856 2975 absonditum
879 2898 1056 2993 ejusmodi
1081 2916 1153 2973 noc

91 2994 187 3093 sugit
211 3018 282 3071 nec
308 2994 464 3091 deserit,
496 2994 556 3070 sed
584 2998 698 3091 iplum
722 2998 925 3087 inhabitat,
962 2999 1154 3093 unigenito

87 3099 203 3177 etiam
223 3096 429 3174 comitatur.
482 3098 548 3193 Ego
563 3106 648 3171 enlm
667 3091 707 3174 (s
720 3113 832 3195 pater,
859 3099 929 3191 alt,
954 3100 993 3167 ai
1016 3122 1086 3168 eum
1099 3120 1156 3169 vc-

92 3203 217 3271 niemus
240 3195 279 3273 ss
302 3198 488 3295 monstenem
512 3196 596 3294 apud
618 3222 686 3269 tum
706 3196 873 3288 faciemus.
924 3196 1074 3271 Planum
1102 3184 1156 3271 est

91 3314 188 3388 nos,
211 3293 238 3371 sr
261 3295 308 3371 lic
330 3317 498 3390 oremus,
527 3291 771 3391 postulaturos
784 3294 915 3390 justum
938 3317 1015 3371 uon
1034 3294 1162 3375 Deum-

90 3397 230 3487 ,solum,
254 3397 314 3470 led
329 3399 363 3471 δι
381 3411 518 3491 patrem
540 3396 601 3488 qui
616 3417 686 3469 noa
701 3408 833 3490 utpote
851 3393 947 3469 lilios
961 3416 1039 3469 non
1055 3395 1159 3471 dere·

93 3498 246 3590 linquit,
279 3494 396 3570 sedin
420 3492 633 3569 abscondito
654 3492 780 3569 nostro
803 3491 900 3568 adest
919 3494 1078 3587 illudque
1102 3497 1156 3569 in·

92 3595 220 3688 spicit,
247 3608 424 3692 augetque
440 3595 538 3669 bona
560 3595 598 3667 in
614 3593 784 3668 cubiculo
799 3593 925 3670 nostro
942 3593 1159 3691 recondita,
1205 3636 1208 3641 -

96 3695 252 3773 simodo
269 3694 345 3788 eiua
362 3692 491 3773 ostium
510 3690 777 3772 occluserimua.

579 3888 654 3981 Hh
678 3911 702 3985 ς
910 3912 970 3971 21.
995 3888 1112 3965 Ceto
