2498 4254
263 119 983 302 numerari-nrum
1056 190 1131 263 σοι

73 363 165 420 rerer
179 351 218 419 ier
238 348 356 427 neiis„
385 346 514 423 ficum
539 346 721 422 instabunt
749 350 774 420 ii
797 348 857 439 qui
878 349 1068 439 tribulant,
1088 348 1132 423 ’ἃ
1173 344 1176 353 ’

72 449 166 540 quasi
193 469 357 542 premere
388 450 529 521 animae
547 446 685 520 nostras
713 450 868 539 volunt,
894 469 913 518 a
944 450 1129 522 laboribus

71 561 274 620 avertamus
293 549 399 621 animi
415 547 674 642 principatum,
701 544 943 639 uspeuemus
956 566 1033 619 nou
1051 568 1129 641 quae

71 645 198 719 adsunt
219 645 418 731 laboriosa,
450 643 510 718 sed
528 667 605 737 quae
629 660 780 740 propter
801 643 988 738 praestitam
1004 648 1129 721 inillis

70 747 281 840 patientiam
299 747 340 817 iis
359 748 422 836 qui
437 742 573 837 legitime
588 745 625 818 in
648 743 790 818 Christo
806 755 1006 814 certaverint
1018 747 1131 839 gratia
1179 770 1182 775 ·

70 843 144 916 Dei
161 844 433 938 repofitafirnt,
459 843 550 936 Dei,
575 845 740 936 inquam,
768 845 827 935 qui
841 841 1019 917 beneficia
1041 846 1130 918 mul·

72 945 231 1036 tiplicat,
259 942 414 1036 &supra
427 945 591 1018 laborum
610 947 648 1015 in
672 946 868 1017 certamine
889 944 1131 1019 toleraturum

72 1041 281 1137 dignitatem
306 1055 405 1114 tanta
426 1044 590 1138 largitur,
623 1057 755 1133 quanta
775 1063 852 1113 non
872 1063 1037 1136 parcum,
1069 1042 1130 1116 sed

71 1139 299 1238 magnificum
312 1143 411 1214 illum
426 1140 547 1215 Deum
564 1142 700 1215 donare
714 1141 822 1213 decet
837 1143 896 1232 qui
909 1144 1036 1236 gratias
1052 1140 1130 1215 suas
1232 1216 1239 1226 ,

71 1236 226 1314 scienter
250 1237 454 1336 magnificat
476 1241 512 1312 in
539 1261 604 1313 eos
632 1243 694 1333 qui
722 1240 844 1334 spreto
873 1241 945 1314 hoc
969 1239 1130 1313 testaceo

71 1339 155 1510 lvase
176 1360 243 1433 pro
259 1341 395 1412 viribus
417 1336 640 1414 ostenderint
654 1339 690 1415 se
708 1351 788 1413 tota
808 1341 924 1413 anima
943 1337 1056 1434 ipsum
1079 1339 1132 1413 di·

87 1457 193 1534 igere.
266 1492 269 1500 ,
306 1478 308 1482 s

150 1559 182 1628 3.
207 1536 308 1611 Tota
327 1559 419 1612 vero
436 1542 552 1615 anima
569 1537 690 1614 Deum
711 1540 756 1612 ab
776 1539 819 1610 iis
840 1536 934 1633 diligi
952 1551 1044 1631 puto
1068 1540 1131 1632 qui

72 1656 151 1710 eam
173 1660 245 1731 prae
262 1638 418 1712 maximo
436 1660 518 1713 cunr
539 1637 624 1710 Deo
647 1637 935 1712 communicandi
954 1637 1131 1710 desiderio

10 1745 17 1757 “
71 1749 151 1809 non
167 1758 186 1807 a
206 1751 353 1810 terreno
375 1751 514 1812 tantum
533 1758 709 1830 corpore,
736 1735 796 1810 sed
815 1736 848 1807 dt
867 1737 909 1808 ab
927 1742 1025 1810 omni
1050 1757 1130 1808 cor-

71 1852 164 1927 pore
181 1834 386 1908 abstrahunt
403 1856 444 1908 ac
469 1837 672 1928 divellunt,
699 1837 733 1909 u
757 1836 885 1929 quibus
909 1854 979 1907 nec
1005 1837 1131 1908 invitia

73 1952 146 2004 nec
169 1933 424 2006 reludiantibu's
448 1935 579 2007 accidit
602 1949 644 2006 ut
666 1955 774 2031 cerpus
797 1935 993 2005 humilitatis
1019 1935 1132 2026 depo·

73 2043 188 2124 nant,
214 2053 294 2106 curn
312 2032 345 2106 se
365 2047 506 2129 tempus
526 2034 666 2107 dederit
686 2048 728 2107 ut
744 2055 815 2128 per
835 2054 912 2106 earn
932 2053 1010 2125 quae
1032 2052 1132 2108 mora

74 2127 146 2203 elie
163 2145 328 2224 putatur,
362 2155 471 2228 cerpus
495 2139 607 2204 moeris
628 2147 781 2224 exuant,
808 2132 1075 2205 &exaudiatur
1100 2134 1132 2206 it

74 2233 135 2320 qui
157 2233 200 2304 ad
226 2230 333 2304 instar
353 2233 522 2328 Apostoli
538 2246 706 2325 precatur
720 2234 830 2306 fuerit
847 2234 884 2305 in
905 2233 983 2306 haec
1001 2234 1133 2306 verba:

76 2328 200 2420 Infelix
218 2357 266 2426 ego
281 2335 368 2402 ieme
382 2339 455 2430 quir
469 2358 515 2404 me
529 2334 679 2403 liberabit
694 2335 730 2402 de
743 2353 865 2427 corpore
878 2337 987 2402 mertis
1008 2323 1133 2428 huiusi

74 2428 275 2524 Quisenim
290 2435 539 2525 eorumquiin
556 2432 628 2505 hoc
638 2433 873 2507 tabernaculo
882 2430 1134 2528 ingemiscunt,

72 2530 173 2618 quod
189 2535 413 2625 corruptibili
430 2553 588 2625 corpore
603 2544 817 2628 graventur,
844 2552 921 2605 non
936 2534 1043 2604 etiam
1056 2552 1134 2628 gra·

73 2633 142 2699 tias
162 2645 243 2726 aget
260 2650 342 2704 cum
356 2635 453 2723 prius
469 2632 613 2704 dixerit:
641 2637 727 2724 Quis
744 2657 791 2701 me
805 2631 949 2703 liberabit
963 2633 997 2700 de
1011 2653 1134 2726 corpore

74 2724 324 2825 morrie'bejus?
348 2750 501 2802 cerneus
520 2730 555 2803 se
570 2731 625 2801 his
642 2731 791 2823 prolatis
806 2730 853 2802 de
868 2747 1027 2822 corpore
1037 2748 1139 2821 mor-⁸

40 2912 43 2918 f
75 2826 122 2896 tis
137 2829 345 2919 liberatum,
364 2825 481 2901 sande
494 2827 583 2900 illud
599 2831 899 2901 exclamatoriam:
930 2833 1050 2900 Gratia
1066 2834 1134 2902 [leo

70 2948 129 3024 per
146 2927 304 3026 Christum
325 2931 435 3023 Jesum
453 2932 627 2998 Dominum
641 2928 788 3025 nostrum.
839 2927 952 3001 sicui
972 2949 1064 3000 vero
1081 2949 1135 3001 ar·

76 3026 185 3103 duum
200 3028 237 3100 id
252 3026 420 3119 videtur,
446 3046 524 3099 non
537 3028 648 3120 sitivit
672 3030 711 3121 ud
738 3033 842 3101 Deum
862 3027 982 3120 sortem
996 3033 1136 3123 vivum3

76 3148 195 3218 neque
211 3127 395 3224 defiderauir
417 3129 458 3198 ad
485 3133 609 3215 Deum,
630 3130 881 3224 quemadmodum
899 3129 1048 3217 defiderar
1068 3152 1135 3200 eer-

74 3253 139 3300 vus
157 3229 196 3299 ad
212 3227 323 3320 fontes
348 3250 528 3324 aquarum:
551 3247 671 3319 neque
688 3229 796 3302 dixit:
824 3228 963 3322 Quande
980 3224 1134 3319 venium,

76 3330 117 3407 <5
140 3329 286 3426 apparebo
305 3343 382 3401 ente
399 3326 517 3420 faeiem
548 3332 640 3400 Dei?
673 3327 756 3403 Nec
779 3326 898 3403 secum
925 3347 967 3400 ea
990 3342 1137 3422 reputa.

76 3432 134 3502 vit
162 3451 240 3520 quae
266 3444 435 3521 reputans
451 3472 475 3522 ‚·
507 3425 711 3519 Propheta,
746 3447 828 3499 curn
864 3425 1045 3500 diceretur
1074 3430 1136 3510 eit

86 3530 148 3601 Ubi
164 3531 204 3626 esi
228 3533 315 3600 Deus
335 3523 437 3599 tures?
461 3524 672 3599 effundebat
691 3547 756 3619 per
776 3526 931 3622 ungulos
951 3525 1026 3600 dies
1044 3528 1081 3601 in
1097 3524 1138 3603 se

80 3630 231 3702 animam
252 3629 371 3718 suam,
398 3628 588 3719 increpans
609 3645 685 3699 eam
707 3625 822 3698 adhuc
838 3647 910 3720 prae
927 3622 1136 3703 infirmitate

81 3728 215 3802 tristem
238 3727 271 3801 dr
291 3728 556 3820 perturbatam,
581 3744 623 3796 ac
649 3724 791 3800 dicens:
816 3729 979 3820 Quoniam
999 3728 1137 3825 rranfibe

80 3829 248 3935 ier-'igrm
272 3826 472 3902 aeternatur
504 3825 701 3999 admilgaiiiis
730 3824 822 3929 esque
851 3828 891 3902 ad
923 3828 1043 3901 mnam
1062 3831 1139 3943 §Dei

92 3996 96 4001 ·
126 3942 136 3973 ²
398 4004 403 4017 .
626 3945 701 4033 lt
1025 3999 1028 4004 -
1064 3946 1115 3990 *¹*
