2498 4254
255 148 335 225 na
383 147 743 245 rnrncrrns,
789 112 993 232 univ,
1081 174 1152 255 ³91

90 314 204 413 gratia
226 333 353 393 eorum
373 334 449 405 quae
469 311 607 406 sparsim
626 312 802 404 diximus,
827 314 1065 407 recapitulare
1088 313 1155 389 fin·

91 416 194 509 gula,
220 412 571 505 &primoomnium
593 414 638 486 de
654 413 760 486 Patre
785 411 820 484 δι
841 411 935 485 Filio
960 414 995 487 δι
1019 412 1155 508 Spiritu

89 512 211 589 santio
228 528 402 604 repetere.
454 511 554 586 Deus
573 513 678 587 Pater
700 533 780 585 cum
796 513 837 585 sit
851 513 1035 587 invisibilis
1049 513 1084 586 dr
1100 514 1156 589 in·

91 611 292 706 separabilis
312 635 332 685 a
351 611 470 697 Filio,
496 634 573 685 non
593 634 657 707 per
682 613 922 705 prolationem
949 615 1057 709 ab'ep
1082 610 1153 710 (ut

92 713 236 804 quidam
253 720 401 805 putant)
422 727 611 809 generatus
632 712 817 787 ciiiilius.
867 711 904 784 Si
920 715 1014 785 enim
1033 715 1154 807 prola-

92 814 149 885 tio
166 811 216 883 est
235 812 342 884 Filius
358 811 492 903 Patris,
517 813 676 904 prolatio
693 833 784 885 vero
804 811 933 885 dicitur
951 835 1027 905 qua
1041 815 1163 889 talem

89 908 264 1007 significat
278 913 546 1008 generationem
557 913 667 1005 qualis
682 912 883 985 animalium
894 914 954 985 vel
964 914 1153 1003 hominum

93 1012 187 1085 solet
203 1010 271 1084 elle
289 1012 505 1107 progenies,
533 1010 727 1085 neceilario
745 1032 877 1103 corpus
897 1011 967 1103 est,
996 1014 1029 1085 dt
1044 1014 1073 1086 is
1091 1014 1156 1104 qui

85 1112 269 1209 prottdit,
304 1112 383 1183 &is
402 1113 462 1203 qui
480 1115 642 1207 prolatus
662 1111 723 1186 cst.
774 1110 864 1185 Non
888 1113 983 1185 enim
1004 1113 1153 1185 dicimus

91 1212 183 1285 sicut
197 1210 353 1284 haretici
372 1226 525 1304 putant,
551 1226 690 1305 partem
703 1213 852 1303 aliquam
867 1209 1065 1284 substantia
1081 1211 1154 1284 Dei

91 1310 133 1385 in
146 1306 259 1385 filium
270 1308 428 1405 versam,
447 1325 509 1384 aut
518 1334 563 1384 ex
578 1312 683 1385 nullis
697 1311 932 1384 substantibus
943 1309 1055 1385 filium
1066 1332 1153 1408 pro,-

94 1422 254 1483 creatum
273 1434 294 1483 a
315 1425 446 1505 patre,
479 1411 516 1484 id
534 1410 585 1484 ast
599 1426 700 1484 extra
712 1408 938 1483 substantiam
954 1408 1077 1505 suam,
1109 1422 1154 1484 ut

92 1510 205 1586 fuerit
219 1510 408 1602 aliquando
421 1512 564 1611 quando
582 1532 658 1584 non
672 1510 803 1603 fuerit,
817 1509 876 1584 sed
892 1509 1037 1584 absciiio
1054 1510 1155 1585 omni

93 1607 195 1685 sensu
216 1630 399 1705 corporeo
423 1634 467 1684 cx
483 1610 695 1684 invisibili&
713 1613 936 1706 incorporeo
951 1613 1104 1685 verbum
1119 1610 1155 1683 dt

91 1708 297 1802 sapientiam
313 1712 466 1805 genitam
482 1711 629 1783 dicimus
645 1711 779 1802 absque
793 1713 865 1783 ulla
881 1712 1062 1803 corporali
1080 1708 1156 1803 pas·

91 1810 212 1901 sione,
239 1811 341 1882 velut
355 1811 378 1884 sr
394 1813 566 1883 voluntas
581 1810 756 1903 procedat
777 1824 945 1884 emente.
996 1808 1080 1881 Nec
1093 1812 1155 1883 ab·

94 1909 237 1983 surdum
260 1910 469 2002 videbitur,
503 1932 585 1983 cum
609 1910 748 1984 dicatur
767 1906 862 1983 iilius
884 1907 1091 2001 eharitatis,
1127 1906 1156 1983 st

93 2009 169 2083 hoc
188 2010 422 2083 modoetiam
436 2011 637 2083 voluntatis
656 2021 815 2102 putetur.
864 2007 1155 2104 Sed&Joannec

93 2108 229 2182 indicat
243 2111 322 2201 quia
344 2110 444 2182 Deus
462 2112 523 2183 lux
541 2109 612 2203 est,
640 2108 815 2185 &Paulus
837 2108 994 2205 designat
1014 2107 1097 2199 quia
1114 2103 1156 2179 fi-

92 2210 162 2283 lius
188 2207 354 2302 splendor
368 2211 458 2282 lucis
475 2223 617 2283 aternae
633 2210 685 2285 sit.
736 2206 838 2283 Sicut
861 2229 950 2379 ergo
971 2211 1033 2279 lux
1052 2226 1157 2281 num·

91 2330 197 2400 quam
212 2310 283 2382 sine
299 2307 488 2402 splendore
504 2307 573 2384 elie
585 2310 728 2403 potuit,
754 2310 804 2381 ita
816 2328 885 2381 nec
927 2308 995 2380 lius
1011 2306 1155 2399 quidem

91 2409 166 2484 fine
185 2424 286 2500 patre
302 2411 453 2507 intelligi
471 2407 613 2503 potest,
641 2411 701 2501 qui
722 2405 885 2504 &figura
902 2404 1063 2500 expreffa
1077 2402 1156 2479 sub·

91 2508 225 2583 stantiae
245 2510 349 2604 ejus,
383 2510 590 2584 &verbum
611 2509 645 2582 δι
669 2508 838 2602 sapientia
860 2507 1000 2585 dicitur.
1051 2506 1157 2606 Quo«

90 2609 206 2683 modo
225 2627 314 2704 ergo
340 2608 460 2701 potest
481 2608 576 2701 dici,
609 2609 691 2701 quia
708 2608 780 2683 fuit
795 2606 986 2700 aliquando
1008 2603 1155 2697 quando

89 2728 169 2784 non
191 2707 260 2780 fuit
279 2706 402 2783 filius?
435 2708 539 2781 Nihil
557 2712 653 2783 enim
673 2706 767 2780 aliud
790 2706 899 2781 estid
920 2706 1067 2797 dicere,
1090 2701 1157 2781 nili

90 2810 173 2900 quia
190 2807 260 2881 fuit
276 2808 469 2900 aliquando
488 2807 631 2899 quando
642 2809 777 2880 veritas
794 2827 870 2881 non
887 2821 982 2898 erat,
1010 2803 1156 2907 quando
1186 2874 1190 2880 .

88 2907 262 3000 sapientia
278 2919 474 2997 nouerat,
506 2907 649 2999 quando
666 2907 746 2979 vita
762 2926 841 2981 non
859 2904 993 2996 fuerit,
1018 2921 1101 2975 cum
1116 2901 1157 2981 in

86 3004 143 3083 his
168 3009 333 3081 omnibus
351 3005 510 3104 perferte
528 3006 600 3080 Dei
618 3007 729 3099 patris
746 3003 938 3079 substantia
955 2998 1157 3079 censeatur.

86 3104 180 3183 Non
199 3109 294 3182 enim
313 3112 419 3183 abeo
436 3107 553 3185 dirimi
568 3108 667 3280 haech'
693 3106 756 3179 vel
773 3107 819 3181 ab
840 3104 917 3197 ejus
933 3100 1157 3198 polluntun·

663 3207 691 3280 b
712 3229 739 3302 4
997 3220 1105 3295 quam

90 3404 217 3497 limus,
242 3402 494 3498 persequamur
509 3404 554 3479 de
565 3404 693 3497 Patre,
720 3403 875 3497 quicum
895 3402 934 3477 in
947 3400 1063 3475 nullas
1077 3416 1159 3495 ptr·

92 3519 149 3578 tes
169 3505 282 3578 dividi
300 3520 428 3600 queat,
452 3506 534 3581 Filii
547 3519 668 3583 tamen
682 3501 727 3577 fit
739 3502 867 3596 Pater,
892 3523 970 3576 non
988 3501 1159 3575 emittent

92 3604 216 3697 illum,
239 3618 280 3678 ut
296 3607 438 3698 quidam
455 3619 595 3700 putant.
643 3604 741 3679 Nam
759 3602 786 3678 ii
801 3602 912 3683 Filius
929 3600 981 3676 est
996 3599 1161 3694 prolatio
1237 3614 1240 3621 '

94 3701 210 3777 Patris
224 3707 283 3798 qui
297 3708 396 3781 illum
409 3707 453 3781 de
466 3703 579 3801 seipso
594 3717 743 3801 generet
758 3703 802 3777 ad
820 3724 902 3777 eum
918 3700 1067 3777 modum
1082 3714 1161 3789 quo

93 3803 141 3876 dc
167 3801 206 3880 se
228 3807 389 3881 animalia
412 3807 583 3905 gignunt,
617 3800 817 3883 neceiiario
840 3821 976 3911 corpus
1007 3796 1059 3883 est
1080 3808 1163 3881 tm

95 3905 158 4007 qui
176 3904 334 4010 emittit,
359 3920 437 3993 tum
454 3908 517 4015 qui
534 3904 729 3991 emittitur.
