<?xml version="1.0" encoding="UTF-8"?>
<!DOCTYPE html PUBLIC "-//W3C//DTD XHTML 1.0 Transitional//EN"
    "http://www.w3.org/TR/xhtml1/DTD/xhtml1-transitional.dtd">
<html xmlns="http://www.w3.org/1999/xhtml" xml:lang="en" lang="en">
 <head>
  <title>
</title>
<meta http-equiv="Content-Type" content="text/html;charset=utf-8" />
  <meta name='ocr-system' content='tesseract 3.04.00' />
  <meta name='ocr-capabilities' content='ocr_page ocr_carea ocr_par ocr_line ocrx_word'/>
</head>
<body>
  <div class='ocr_page' id='page_1' title='image "./operaomniasanct08unkngoog_0459.png"; bbox 0 0 2498 4254; ppageno 0'>
   <div class='ocr_carea' id='block_1_1' title="bbox 112 164 836 283">
    <p class='ocr_par' dir='ltr' id='par_1_1' title="bbox 112 164 836 283">
     <span class='ocr_line' id='line_1_1' title="bbox 112 164 836 283; baseline -0.017 -20"><span class='ocrx_word' id='word_1_1' title='bbox 112 200 186 283; x_wconf 64' lang='lat' dir='ltr'>sn</span> <span class='ocrx_word' id='word_1_2' title='bbox 423 164 836 257; x_wconf 80' lang='lat' dir='ltr'>onrouurs</span> 
     </span>
    </p>
   </div>
   <div class='ocr_carea' id='block_1_2' title="bbox 19 336 1174 3124">
    <p class='ocr_par' dir='ltr' id='par_1_2' title="bbox 19 336 1174 3124">
     <span class='ocr_line' id='line_1_2' title="bbox 111 336 1169 447; baseline -0.009 -24"><span class='ocrx_word' id='word_1_3' title='bbox 111 354 209 447; x_wconf 82' lang='lat' dir='ltr'>pene</span> <span class='ocrx_word' id='word_1_4' title='bbox 233 342 444 440; x_wconf 83' lang='lat' dir='ltr'>impossibile</span> <span class='ocrx_word' id='word_1_5' title='bbox 466 336 662 418; x_wconf 74' lang='lat' dir='ltr'>intelleblui</span> <span class='ocrx_word' id='word_1_6' title='bbox 688 338 839 436; x_wconf 86' lang='lat' dir='ltr'>nostro,</span> <span class='ocrx_word' id='word_1_7' title='bbox 864 342 903 415; x_wconf 92' lang='lat' dir='ltr'>in</span> <span class='ocrx_word' id='word_1_8' title='bbox 924 338 1169 434; x_wconf 80' lang='lat' dir='ltr'>superionbus</span> 
     </span>
     <span class='ocr_line' id='line_1_3' title="bbox 111 441 711 545; baseline -0.013 -21"><span class='ocrx_word' id='word_1_9' title='bbox 111 443 465 545; x_wconf 85' lang='lat' dir='ltr'>linguladillerentes</span> <span class='ocrx_word' id='word_1_10' title='bbox 479 441 711 517; x_wconf 88' lang='lat' dir='ltr'>ostendimus.</span> 
     </span>
     <span class='ocr_line' id='line_1_4' title="bbox 187 537 1171 638; baseline -0.006 -19"><span class='ocrx_word' id='word_1_11' title='bbox 187 550 243 638; x_wconf 88' lang='lat'>36.</span> <span class='ocrx_word' id='word_1_12' title='bbox 269 544 364 617; x_wconf 88' lang='lat' dir='ltr'>Puto</span> <span class='ocrx_word' id='word_1_13' title='bbox 380 544 462 617; x_wconf 87' lang='lat' dir='ltr'>sane</span> <span class='ocrx_word' id='word_1_14' title='bbox 486 544 590 637; x_wconf 89' lang='lat' dir='ltr'>operi</span> <span class='ocrx_word' id='word_1_15' title='bbox 603 542 688 616; x_wconf 87' lang='lat' dir='ltr'>huic</span> <span class='ocrx_word' id='word_1_16' title='bbox 708 537 834 614; x_wconf 90' lang='lat' dir='ltr'>nostro</span> <span class='ocrx_word' id='word_1_17' title='bbox 851 540 1071 613; x_wconf 90' lang='lat' dir='ltr'>contrarium</span> <span class='ocrx_word' id='word_1_18' title='bbox 1089 560 1171 613; x_wconf 90' lang='lat' dir='ltr'>non</span> 
     </span>
     <span class='ocr_line' id='line_1_5' title="bbox 19 639 1172 720; baseline -0.005 -1"><span class='ocrx_word' id='word_1_19' title='bbox 19 675 26 689; x_wconf 74' lang='lat'>=</span> <span class='ocrx_word' id='word_1_20' title='bbox 111 646 228 720; x_wconf 82' lang='lat' dir='ltr'>&#39;videri</span> <span class='ocrx_word' id='word_1_21' title='bbox 244 645 268 718; x_wconf 92' lang='lat' dir='ltr'>s1</span> <span class='ocrx_word' id='word_1_22' title='bbox 283 646 390 718; x_wconf 84' lang='lat' dir='ltr'>etiam</span> <span class='ocrx_word' id='word_1_23' title='bbox 406 644 451 716; x_wconf 88' lang='lat' dir='ltr'>de</span> <span class='ocrx_word' id='word_1_24' title='bbox 464 644 733 717; x_wconf 88' lang='lat' dir='ltr'>immortalitate</span> <span class='ocrx_word' id='word_1_25' title='bbox 746 639 1013 713; x_wconf 79' lang='lat' dir='ltr'>rationabilium</span> <span class='ocrx_word' id='word_1_26' title='bbox 1025 652 1172 713; x_wconf 87' lang='lat' dir='ltr'>natura·</span> 
     </span>
     <span class='ocr_line' id='line_1_6' title="bbox 110 738 1171 839; baseline -0.008 -18"><span class='ocrx_word' id='word_1_27' title='bbox 110 768 189 821; x_wconf 90' lang='lat' dir='ltr'>rum</span> <span class='ocrx_word' id='word_1_28' title='bbox 205 766 310 839; x_wconf 91' lang='lat' dir='ltr'>quarn</span> <span class='ocrx_word' id='word_1_29' title='bbox 321 742 502 837; x_wconf 85' lang='lat' dir='ltr'>possumus</span> <span class='ocrx_word' id='word_1_30' title='bbox 520 742 680 815; x_wconf 86' lang='lat' dir='ltr'>breviter</span> <span class='ocrx_word' id='word_1_31' title='bbox 690 753 905 834; x_wconf 88' lang='lat' dir='ltr'>repetamus.</span> <span class='ocrx_word' id='word_1_32' title='bbox 957 738 1088 812; x_wconf 88' lang='lat' dir='ltr'>Omnis</span> <span class='ocrx_word' id='word_1_33' title='bbox 1108 744 1171 831; x_wconf 90' lang='lat' dir='ltr'>qui</span> 
     </span>
     <span class='ocr_line' id='line_1_7' title="bbox 110 839 1170 941; baseline -0.006 -23"><span class='ocrx_word' id='word_1_34' title='bbox 110 846 303 941; x_wconf 89' lang='lat' dir='ltr'>participat</span> <span class='ocrx_word' id='word_1_35' title='bbox 316 844 463 934; x_wconf 84' lang='lat' dir='ltr'>alicujus</span> <span class='ocrx_word' id='word_1_36' title='bbox 483 860 565 914; x_wconf 89' lang='lat' dir='ltr'>curn</span> <span class='ocrx_word' id='word_1_37' title='bbox 587 860 633 914; x_wconf 89' lang='lat' dir='ltr'>eo</span> <span class='ocrx_word' id='word_1_38' title='bbox 655 840 716 932; x_wconf 92' lang='lat' dir='ltr'>qui</span> <span class='ocrx_word' id='word_1_39' title='bbox 736 839 894 931; x_wconf 77' lang='lat' dir='ltr'>eiusdem</span> <span class='ocrx_word' id='word_1_40' title='bbox 911 841 963 910; x_wconf 89' lang='lat' dir='ltr'>rei</span> <span class='ocrx_word' id='word_1_41' title='bbox 986 842 1170 933; x_wconf 74' lang='lat' dir='ltr'>particeps</span> 
     </span>
     <span class='ocr_line' id='line_1_8' title="bbox 110 937 1169 1037; baseline -0.006 -19"><span class='ocrx_word' id='word_1_42' title='bbox 110 944 175 1037; x_wconf 86' lang='lat' dir='ltr'>est,</span> <span class='ocrx_word' id='word_1_43' title='bbox 200 945 274 1017; x_wconf 87' lang='lat' dir='ltr'>line</span> <span class='ocrx_word' id='word_1_44' title='bbox 288 939 723 1016; x_wconf 82' lang='lat' dir='ltr'>dubiouniussubstantiae</span> <span class='ocrx_word' id='word_1_45' title='bbox 740 937 805 1029; x_wconf 86' lang='lat' dir='ltr'>est,</span> <span class='ocrx_word' id='word_1_46' title='bbox 830 938 1009 1028; x_wconf 88' lang='lat' dir='ltr'>uniusque</span> <span class='ocrx_word' id='word_1_47' title='bbox 1019 952 1169 1013; x_wconf 83' lang='lat' dir='ltr'>naturae.</span> 
     </span>
     <span class='ocr_line' id='line_1_9' title="bbox 109 1036 1171 1137; baseline -0.005 -21"><span class='ocrx_word' id='word_1_48' title='bbox 109 1043 166 1116; x_wconf 86' lang='lat' dir='ltr'>Ut</span> <span class='ocrx_word' id='word_1_49' title='bbox 178 1056 266 1137; x_wconf 80' lang='lat' dir='ltr'>puta</span> <span class='ocrx_word' id='word_1_50' title='bbox 280 1064 409 1115; x_wconf 86' lang='lat' dir='ltr'>omnes</span> <span class='ocrx_word' id='word_1_51' title='bbox 423 1042 521 1114; x_wconf 90' lang='lat' dir='ltr'>oculi</span> <span class='ocrx_word' id='word_1_52' title='bbox 535 1041 625 1112; x_wconf 87' lang='lat' dir='ltr'>lucis</span> <span class='ocrx_word' id='word_1_53' title='bbox 639 1041 868 1132; x_wconf 80' lang='lat' dir='ltr'>participant,</span> <span class='ocrx_word' id='word_1_54' title='bbox 894 1036 1025 1111; x_wconf 83' lang='lat' dir='ltr'>&amp;ideo</span> <span class='ocrx_word' id='word_1_55' title='bbox 1039 1058 1171 1111; x_wconf 85' lang='lat' dir='ltr'>omnes</span> 
     </span>
     <span class='ocr_line' id='line_1_10' title="bbox 111 1137 1172 1234; baseline -0.003 -20"><span class='ocrx_word' id='word_1_56' title='bbox 111 1145 209 1215; x_wconf 87' lang='lat' dir='ltr'>oculi</span> <span class='ocrx_word' id='word_1_57' title='bbox 220 1144 280 1233; x_wconf 91' lang='lat' dir='ltr'>qui</span> <span class='ocrx_word' id='word_1_58' title='bbox 294 1142 339 1213; x_wconf 91' lang='lat' dir='ltr'>de</span> <span class='ocrx_word' id='word_1_59' title='bbox 359 1142 440 1212; x_wconf 91' lang='lat' dir='ltr'>luce</span> <span class='ocrx_word' id='word_1_60' title='bbox 454 1140 686 1234; x_wconf 84' lang='lat' dir='ltr'>participant,</span> <span class='ocrx_word' id='word_1_61' title='bbox 711 1140 817 1210; x_wconf 91' lang='lat' dir='ltr'>unius</span> <span class='ocrx_word' id='word_1_62' title='bbox 835 1150 970 1209; x_wconf 84' lang='lat' dir='ltr'>natnrae</span> <span class='ocrx_word' id='word_1_63' title='bbox 980 1137 1071 1212; x_wconf 87' lang='lat' dir='ltr'>sunt.</span> <span class='ocrx_word' id='word_1_64' title='bbox 1098 1137 1172 1211; x_wconf 88' lang='lat' dir='ltr'>Sed</span> 
     </span>
     <span class='ocr_line' id='line_1_11' title="bbox 107 1239 1174 1334; baseline -0.004 -18"><span class='ocrx_word' id='word_1_65' title='bbox 107 1245 197 1316; x_wconf 87' lang='lat' dir='ltr'>licet</span> <span class='ocrx_word' id='word_1_66' title='bbox 211 1244 329 1315; x_wconf 87' lang='lat' dir='ltr'>omnis</span> <span class='ocrx_word' id='word_1_67' title='bbox 343 1240 388 1313; x_wconf 88' lang='lat' dir='ltr'>de</span> <span class='ocrx_word' id='word_1_68' title='bbox 404 1244 487 1313; x_wconf 86' lang='lat' dir='ltr'>luce</span> <span class='ocrx_word' id='word_1_69' title='bbox 501 1239 694 1334; x_wconf 91' lang='lat' dir='ltr'>participet</span> <span class='ocrx_word' id='word_1_70' title='bbox 709 1240 853 1331; x_wconf 85' lang='lat' dir='ltr'>oculus,</span> <span class='ocrx_word' id='word_1_71' title='bbox 867 1252 989 1309; x_wconf 88' lang='lat' dir='ltr'>tamen</span> <span class='ocrx_word' id='word_1_72' title='bbox 999 1240 1174 1329; x_wconf 84' lang='lat' dir='ltr'>quoniam</span> 
     </span>
     <span class='ocr_line' id='line_1_12' title="bbox 89 1330 1172 1434; baseline -0.003 -21"><span class='ocrx_word' id='word_1_73' title='bbox 89 1330 199 1413; x_wconf 79' lang='lat' dir='ltr'>‘alius</span> <span class='ocrx_word' id='word_1_74' title='bbox 216 1343 382 1434; x_wconf 88' lang='lat' dir='ltr'>acutius,</span> <span class='ocrx_word' id='word_1_75' title='bbox 408 1340 495 1412; x_wconf 89' lang='lat' dir='ltr'>alius</span> <span class='ocrx_word' id='word_1_76' title='bbox 516 1338 675 1412; x_wconf 77' lang='lat' dir='ltr'>obtusius</span> <span class='ocrx_word' id='word_1_77' title='bbox 695 1336 817 1425; x_wconf 80' lang='lat' dir='ltr'>videt,</span> <span class='ocrx_word' id='word_1_78' title='bbox 848 1357 926 1409; x_wconf 93' lang='lat' dir='ltr'>non</span> <span class='ocrx_word' id='word_1_79' title='bbox 947 1342 1065 1410; x_wconf 83' lang='lat' dir='ltr'>omnis</span> <span class='ocrx_word' id='word_1_80' title='bbox 1084 1358 1172 1422; x_wconf 86' lang='lat' dir='ltr'>ocu·</span> 
     </span>
     <span class='ocr_line' id='line_1_13' title="bbox 107 1434 1167 1532; baseline -0.002 -20"><span class='ocrx_word' id='word_1_81' title='bbox 107 1442 164 1513; x_wconf 87' lang='lat' dir='ltr'>lus</span> <span class='ocrx_word' id='word_1_82' title='bbox 177 1440 361 1529; x_wconf 77' lang='lat' dir='ltr'>equaliter</span> <span class='ocrx_word' id='word_1_83' title='bbox 378 1437 423 1510; x_wconf 89' lang='lat' dir='ltr'>de</span> <span class='ocrx_word' id='word_1_84' title='bbox 439 1440 522 1511; x_wconf 83' lang='lat' dir='ltr'>luce</span> <span class='ocrx_word' id='word_1_85' title='bbox 537 1440 739 1532; x_wconf 78' lang='lat' dir='ltr'>participat</span> <span class='ocrx_word' id='word_1_86' title='bbox 791 1434 841 1509; x_wconf 90' lang='lat' dir='ltr'>Et</span> <span class='ocrx_word' id='word_1_87' title='bbox 854 1434 1008 1510; x_wconf 85' lang='lat' dir='ltr'>rursum:</span> <span class='ocrx_word' id='word_1_88' title='bbox 1035 1435 1167 1510; x_wconf 82' lang='lat' dir='ltr'>Omnis</span> 
     </span>
     <span class='ocr_line' id='line_1_14' title="bbox 108 1536 1172 1631; baseline -0.001 -20"><span class='ocrx_word' id='word_1_89' title='bbox 108 1540 251 1611; x_wconf 79' lang='lat' dir='ltr'>auditus</span> <span class='ocrx_word' id='word_1_90' title='bbox 269 1558 404 1611; x_wconf 88' lang='lat' dir='ltr'>vocem</span> <span class='ocrx_word' id='word_1_91' title='bbox 418 1540 481 1611; x_wconf 92' lang='lat' dir='ltr'>vel</span> <span class='ocrx_word' id='word_1_92' title='bbox 495 1536 622 1612; x_wconf 90' lang='lat' dir='ltr'>sonum</span> <span class='ocrx_word' id='word_1_93' title='bbox 637 1540 788 1631; x_wconf 85' lang='lat' dir='ltr'>recipit,</span> <span class='ocrx_word' id='word_1_94' title='bbox 814 1536 848 1608; x_wconf 77' lang='lat' dir='ltr'>bt</span> <span class='ocrx_word' id='word_1_95' title='bbox 866 1536 952 1611; x_wconf 89' lang='lat' dir='ltr'>ideo</span> <span class='ocrx_word' id='word_1_96' title='bbox 968 1539 1088 1610; x_wconf 88' lang='lat' dir='ltr'>omnis</span> <span class='ocrx_word' id='word_1_97' title='bbox 1108 1558 1172 1621; x_wconf 80' lang='lat' dir='ltr'>au-</span> 
     </span>
     <span class='ocr_line' id='line_1_15' title="bbox 107 1636 1173 1731; baseline -0.002 -20"><span class='ocrx_word' id='word_1_98' title='bbox 107 1638 204 1711; x_wconf 81' lang='lat' dir='ltr'>ditus</span> <span class='ocrx_word' id='word_1_99' title='bbox 223 1640 330 1711; x_wconf 89' lang='lat' dir='ltr'>unius</span> <span class='ocrx_word' id='word_1_100' title='bbox 347 1652 484 1710; x_wconf 84' lang='lat' dir='ltr'>natutae</span> <span class='ocrx_word' id='word_1_101' title='bbox 500 1636 563 1713; x_wconf 87' lang='lat' dir='ltr'>est.</span> <span class='ocrx_word' id='word_1_102' title='bbox 612 1638 753 1711; x_wconf 85' lang='lat' dir='ltr'>Verum</span> <span class='ocrx_word' id='word_1_103' title='bbox 771 1657 840 1730; x_wconf 96' lang='lat' dir='ltr'>pro</span> <span class='ocrx_word' id='word_1_104' title='bbox 857 1639 1029 1728; x_wconf 80' lang='lat' dir='ltr'>qualitate</span> <span class='ocrx_word' id='word_1_105' title='bbox 1040 1639 1120 1731; x_wconf 88' lang='lat' dir='ltr'>puri</span> <span class='ocrx_word' id='word_1_106' title='bbox 1136 1636 1173 1709; x_wconf 72' lang='lat' dir='ltr'>u</span> 
     </span>
     <span class='ocr_line' id='line_1_16' title="bbox 106 1735 1173 1830; baseline -0.002 -19"><span class='ocrx_word' id='word_1_107' title='bbox 106 1736 236 1811; x_wconf 80' lang='lat' dir='ltr'>sinceri</span> <span class='ocrx_word' id='word_1_108' title='bbox 252 1738 393 1809; x_wconf 87' lang='lat' dir='ltr'>auditus</span> <span class='ocrx_word' id='word_1_109' title='bbox 416 1740 662 1830; x_wconf 78' lang='lat' dir='ltr'>unusquisque</span> <span class='ocrx_word' id='word_1_110' title='bbox 683 1739 850 1810; x_wconf 88' lang='lat' dir='ltr'>velocius</span> <span class='ocrx_word' id='word_1_111' title='bbox 871 1735 991 1829; x_wconf 89' lang='lat' dir='ltr'>audit,</span> <span class='ocrx_word' id='word_1_112' title='bbox 1015 1739 1079 1809; x_wconf 90' lang='lat' dir='ltr'>vel</span> <span class='ocrx_word' id='word_1_113' title='bbox 1101 1749 1173 1809; x_wconf 88' lang='lat' dir='ltr'>tar·</span> 
     </span>
     <span class='ocr_line' id='line_1_17' title="bbox 108 1836 1173 1933; baseline 0 -24"><span class='ocrx_word' id='word_1_114' title='bbox 108 1836 199 1913; x_wconf 85' lang='lat' dir='ltr'>dius.</span> <span class='ocrx_word' id='word_1_115' title='bbox 249 1836 492 1910; x_wconf 84' lang='lat' dir='ltr'>Transeamus</span> <span class='ocrx_word' id='word_1_116' title='bbox 512 1858 597 1933; x_wconf 81' lang='lat' dir='ltr'>ergo</span> <span class='ocrx_word' id='word_1_117' title='bbox 620 1838 665 1909; x_wconf 83' lang='lat' dir='ltr'>ab</span> <span class='ocrx_word' id='word_1_118' title='bbox 682 1838 738 1910; x_wconf 88' lang='lat' dir='ltr'>his</span> <span class='ocrx_word' id='word_1_119' title='bbox 759 1836 978 1910; x_wconf 77' lang='lat' dir='ltr'>sensibilibus</span> <span class='ocrx_word' id='word_1_120' title='bbox 997 1838 1173 1929; x_wconf 83' lang='lat' dir='ltr'>exemplis</span> 
     </span>
     <span class='ocr_line' id='line_1_18' title="bbox 108 1932 1173 2026; baseline 0.002 -19"><span class='ocrx_word' id='word_1_121' title='bbox 108 1936 154 2007; x_wconf 86' lang='lat' dir='ltr'>ad</span> <span class='ocrx_word' id='word_1_122' title='bbox 180 1932 476 2009; x_wconf 77' lang='lat' dir='ltr'>intelleiiualium</span> <span class='ocrx_word' id='word_1_123' title='bbox 500 1936 861 2026; x_wconf 88' lang='lat' dir='ltr'>contemplationem.</span> <span class='ocrx_word' id='word_1_124' title='bbox 912 1935 1041 2009; x_wconf 87' lang='lat' dir='ltr'>Omnis</span> <span class='ocrx_word' id='word_1_125' title='bbox 1067 1956 1173 2009; x_wconf 84' lang='lat' dir='ltr'>mens</span> 
     </span>
     <span class='ocr_line' id='line_1_19' title="bbox 110 2031 1174 2133; baseline 0.004 -28"><span class='ocrx_word' id='word_1_126' title='bbox 110 2056 188 2127; x_wconf 84' lang='lat' dir='ltr'>quae</span> <span class='ocrx_word' id='word_1_127' title='bbox 221 2036 267 2105; x_wconf 88' lang='lat' dir='ltr'>de</span> <span class='ocrx_word' id='word_1_128' title='bbox 292 2033 525 2109; x_wconf 75' lang='lat' dir='ltr'>intellesiuali</span> <span class='ocrx_word' id='word_1_129' title='bbox 546 2039 631 2107; x_wconf 89' lang='lat' dir='ltr'>luce</span> <span class='ocrx_word' id='word_1_130' title='bbox 651 2031 935 2133; x_wconf 57' lang='lat' dir='ltr'>participate),</span> <span class='ocrx_word' id='word_1_131' title='bbox 965 2038 1174 2110; x_wconf 87' lang='lat' dir='ltr'>cumomni</span> 
     </span>
     <span class='ocr_line' id='line_1_20' title="bbox 108 2132 1173 2229; baseline 0.002 -22"><span class='ocrx_word' id='word_1_132' title='bbox 108 2140 233 2207; x_wconf 79' lang='lat' dir='ltr'>abente</span> <span class='ocrx_word' id='word_1_133' title='bbox 254 2154 332 2224; x_wconf 85' lang='lat' dir='ltr'>quae</span> <span class='ocrx_word' id='word_1_134' title='bbox 351 2134 450 2206; x_wconf 74' lang='lat' dir='ltr'>simili</span> <span class='ocrx_word' id='word_1_135' title='bbox 475 2134 588 2207; x_wconf 88' lang='lat' dir='ltr'>modo</span> <span class='ocrx_word' id='word_1_136' title='bbox 612 2133 656 2208; x_wconf 90' lang='lat' dir='ltr'>de</span> <span class='ocrx_word' id='word_1_137' title='bbox 676 2132 907 2208; x_wconf 73' lang='lat' dir='ltr'>intellesntali</span> <span class='ocrx_word' id='word_1_138' title='bbox 926 2136 1009 2207; x_wconf 89' lang='lat' dir='ltr'>luce</span> <span class='ocrx_word' id='word_1_139' title='bbox 1027 2136 1173 2229; x_wconf 82' lang='lat' dir='ltr'>pattici·</span> 
     </span>
     <span class='ocr_line' id='line_1_21' title="bbox 108 2233 1174 2331; baseline 0.005 -28"><span class='ocrx_word' id='word_1_140' title='bbox 108 2245 190 2324; x_wconf 86' lang='lat' dir='ltr'>pat,</span> <span class='ocrx_word' id='word_1_141' title='bbox 215 2237 322 2305; x_wconf 88' lang='lat' dir='ltr'>unius</span> <span class='ocrx_word' id='word_1_142' title='bbox 336 2234 408 2305; x_wconf 92' lang='lat' dir='ltr'>sme</span> <span class='ocrx_word' id='word_1_143' title='bbox 424 2235 535 2306; x_wconf 91' lang='lat' dir='ltr'>dubio</span> <span class='ocrx_word' id='word_1_144' title='bbox 549 2236 660 2307; x_wconf 87' lang='lat' dir='ltr'>debet</span> <span class='ocrx_word' id='word_1_145' title='bbox 673 2234 899 2310; x_wconf 85' lang='lat' dir='ltr'>ellenaturae.</span> <span class='ocrx_word' id='word_1_146' title='bbox 952 2233 987 2306; x_wconf 84' lang='lat' dir='ltr'>Si</span> <span class='ocrx_word' id='word_1_147' title='bbox 1001 2257 1088 2331; x_wconf 83' lang='lat' dir='ltr'>ergo</span> <span class='ocrx_word' id='word_1_148' title='bbox 1105 2256 1174 2308; x_wconf 86' lang='lat' dir='ltr'>cae·</span> 
     </span>
     <span class='ocr_line' id='line_1_22' title="bbox 96 2330 1172 2427; baseline 0.003 -22"><span class='ocrx_word' id='word_1_149' title='bbox 96 2330 215 2417; x_wconf 68' lang='lat' dir='ltr'>,lestes</span> <span class='ocrx_word' id='word_1_150' title='bbox 235 2334 387 2405; x_wconf 86' lang='lat' dir='ltr'>virtutes</span> <span class='ocrx_word' id='word_1_151' title='bbox 406 2330 655 2405; x_wconf 71' lang='lat' dir='ltr'>intelleslualis</span> <span class='ocrx_word' id='word_1_152' title='bbox 671 2336 785 2424; x_wconf 82' lang='lat' dir='ltr'>lucis,</span> <span class='ocrx_word' id='word_1_153' title='bbox 811 2334 845 2406; x_wconf 90' lang='lat' dir='ltr'>id</span> <span class='ocrx_word' id='word_1_154' title='bbox 866 2334 939 2427; x_wconf 85' lang='lat' dir='ltr'>est,</span> <span class='ocrx_word' id='word_1_155' title='bbox 965 2334 1098 2407; x_wconf 84' lang='lat' dir='ltr'>divinae</span> <span class='ocrx_word' id='word_1_156' title='bbox 1114 2357 1172 2408; x_wconf 92' lang='lat' dir='ltr'>na·</span> 
     </span>
     <span class='ocr_line' id='line_1_23' title="bbox 109 2430 1173 2526; baseline 0.006 -25"><span class='ocrx_word' id='word_1_157' title='bbox 109 2444 199 2502; x_wconf 78' lang='lat' dir='ltr'>tura</span> <span class='ocrx_word' id='word_1_158' title='bbox 212 2452 277 2523; x_wconf 88' lang='lat' dir='ltr'>per</span> <span class='ocrx_word' id='word_1_159' title='bbox 291 2431 366 2503; x_wconf 92' lang='lat' dir='ltr'>hoc</span> <span class='ocrx_word' id='word_1_160' title='bbox 381 2432 480 2523; x_wconf 87' lang='lat' dir='ltr'>quod</span> <span class='ocrx_word' id='word_1_161' title='bbox 496 2431 677 2525; x_wconf 89' lang='lat' dir='ltr'>sapientiae</span> <span class='ocrx_word' id='word_1_162' title='bbox 692 2433 726 2505; x_wconf 74' lang='grc' dir='ltr'>ἂ</span> <span class='ocrx_word' id='word_1_163' title='bbox 741 2430 1011 2507; x_wconf 73' lang='lat' dir='ltr'>saniiificationi</span> <span class='ocrx_word' id='word_1_164' title='bbox 1031 2438 1173 2526; x_wconf 88' lang='lat' dir='ltr'>partici-</span> 
     </span>
     <span class='ocr_line' id='line_1_24' title="bbox 108 2527 1172 2625; baseline 0.008 -25"><span class='ocrx_word' id='word_1_165' title='bbox 108 2530 208 2622; x_wconf 90' lang='lat' dir='ltr'>pium</span> <span class='ocrx_word' id='word_1_166' title='bbox 226 2527 387 2622; x_wconf 88' lang='lat' dir='ltr'>sumunt,</span> <span class='ocrx_word' id='word_1_167' title='bbox 414 2532 448 2602; x_wconf 73' lang='lat' dir='ltr'>b</span> <span class='ocrx_word' id='word_1_168' title='bbox 460 2532 624 2605; x_wconf 86' lang='lat' dir='ltr'>humanae</span> <span class='ocrx_word' id='word_1_169' title='bbox 641 2533 765 2608; x_wconf 82' lang='lat' dir='ltr'>anima</span> <span class='ocrx_word' id='word_1_170' title='bbox 785 2533 942 2625; x_wconf 82' lang='lat' dir='ltr'>ejusdem</span> <span class='ocrx_word' id='word_1_171' title='bbox 964 2536 1054 2606; x_wconf 88' lang='lat' dir='ltr'>lucis</span> <span class='ocrx_word' id='word_1_172' title='bbox 1074 2535 1107 2606; x_wconf 73' lang='grc' dir='ltr'>δι</span> <span class='ocrx_word' id='word_1_173' title='bbox 1125 2534 1172 2608; x_wconf 83' lang='lat' dir='ltr'>sr-</span> 
     </span>
     <span class='ocr_line' id='line_1_25' title="bbox 108 2629 1171 2723; baseline 0.007 -24"><span class='ocrx_word' id='word_1_174' title='bbox 108 2630 255 2721; x_wconf 88' lang='lat' dir='ltr'>pientiae</span> <span class='ocrx_word' id='word_1_175' title='bbox 270 2632 497 2723; x_wconf 88' lang='lat' dir='ltr'>participium</span> <span class='ocrx_word' id='word_1_176' title='bbox 522 2629 738 2723; x_wconf 82' lang='lat' dir='ltr'>sumserunt,</span> <span class='ocrx_word' id='word_1_177' title='bbox 767 2633 864 2705; x_wconf 82' lang='lat' dir='ltr'>&amp;ita</span> <span class='ocrx_word' id='word_1_178' title='bbox 885 2634 964 2707; x_wconf 93' lang='lat' dir='ltr'>sunt</span> <span class='ocrx_word' id='word_1_179' title='bbox 987 2639 1093 2706; x_wconf 88' lang='lat' dir='ltr'>unius</span> <span class='ocrx_word' id='word_1_180' title='bbox 1115 2657 1171 2706; x_wconf 91' lang='lat' dir='ltr'>na·</span> 
     </span>
     <span class='ocr_line' id='line_1_26' title="bbox 110 2728 1170 2827; baseline 0.007 -29"><span class='ocrx_word' id='word_1_181' title='bbox 110 2742 199 2800; x_wconf 87' lang='lat' dir='ltr'>turae</span> <span class='ocrx_word' id='word_1_182' title='bbox 227 2728 455 2803; x_wconf 86' lang='lat' dir='ltr'>adinvicem</span> <span class='ocrx_word' id='word_1_183' title='bbox 484 2735 662 2823; x_wconf 87' lang='lat' dir='ltr'>uniusque</span> <span class='ocrx_word' id='word_1_184' title='bbox 687 2729 896 2809; x_wconf 73' lang='lat' dir='ltr'>substantie.</span> <span class='ocrx_word' id='word_1_185' title='bbox 948 2733 1170 2827; x_wconf 68' lang='lat' dir='ltr'>incorrupte</span> 
     </span>
     <span class='ocr_line' id='line_1_27' title="bbox 112 2826 1170 2924; baseline 0.007 -28"><span class='ocrx_word' id='word_1_186' title='bbox 112 2835 232 2900; x_wconf 79' lang='lat' dir='ltr'>autem</span> <span class='ocrx_word' id='word_1_187' title='bbox 246 2826 372 2900; x_wconf 89' lang='lat' dir='ltr'>sunt&amp;</span> <span class='ocrx_word' id='word_1_188' title='bbox 386 2830 606 2903; x_wconf 87' lang='lat' dir='ltr'>immortales</span> <span class='ocrx_word' id='word_1_189' title='bbox 622 2829 778 2904; x_wconf 86' lang='lat' dir='ltr'>caelestes</span> <span class='ocrx_word' id='word_1_190' title='bbox 792 2834 966 2924; x_wconf 84' lang='lat' dir='ltr'>virtutes,</span> <span class='ocrx_word' id='word_1_191' title='bbox 991 2835 1170 2906; x_wconf 86' lang='lat' dir='ltr'>immorta·</span> 
     </span>
     <span class='ocr_line' id='line_1_28' title="bbox 110 2924 1168 3023; baseline 0.004 -24"><span class='ocrx_word' id='word_1_192' title='bbox 110 2924 155 2999; x_wconf 86' lang='lat' dir='ltr'>lis</span> <span class='ocrx_word' id='word_1_193' title='bbox 171 2926 243 3000; x_wconf 82' lang='lat' dir='ltr'>line</span> <span class='ocrx_word' id='word_1_194' title='bbox 260 2928 372 3000; x_wconf 92' lang='lat' dir='ltr'>dubio</span> <span class='ocrx_word' id='word_1_195' title='bbox 386 2928 420 2999; x_wconf 79' lang='grc' dir='ltr'>δι</span> <span class='ocrx_word' id='word_1_196' title='bbox 435 2930 645 3023; x_wconf 86' lang='lat' dir='ltr'>incorrupta</span> <span class='ocrx_word' id='word_1_197' title='bbox 660 2933 729 3002; x_wconf 89' lang='lat' dir='ltr'>erit</span> <span class='ocrx_word' id='word_1_198' title='bbox 743 2934 849 3004; x_wconf 86' lang='lat' dir='ltr'>etiam</span> <span class='ocrx_word' id='word_1_199' title='bbox 866 2935 990 3005; x_wconf 75' lang='lat' dir='ltr'>animae</span> <span class='ocrx_word' id='word_1_200' title='bbox 1007 2936 1168 3004; x_wconf 80' lang='lat' dir='ltr'>humana</span> 
     </span>
     <span class='ocr_line' id='line_1_29' title="bbox 113 3022 1170 3124; baseline 0.008 -30"><span class='ocrx_word' id='word_1_201' title='bbox 113 3022 314 3102; x_wconf 83' lang='lat' dir='ltr'>substantia.</span> <span class='ocrx_word' id='word_1_202' title='bbox 341 3026 432 3100; x_wconf 90' lang='lat' dir='ltr'>Non</span> <span class='ocrx_word' id='word_1_203' title='bbox 442 3030 557 3101; x_wconf 91' lang='lat' dir='ltr'>solum</span> <span class='ocrx_word' id='word_1_204' title='bbox 575 3042 708 3119; x_wconf 73' lang='lat' dir='ltr'>autem,</span> <span class='ocrx_word' id='word_1_205' title='bbox 720 3029 779 3103; x_wconf 90' lang='lat' dir='ltr'>sed</span> <span class='ocrx_word' id='word_1_206' title='bbox 796 3034 964 3120; x_wconf 82' lang='lat' dir='ltr'>quoniam</span> <span class='ocrx_word' id='word_1_207' title='bbox 975 3031 1047 3123; x_wconf 88' lang='lat' dir='ltr'>ipsa</span> <span class='ocrx_word' id='word_1_208' title='bbox 1062 3033 1170 3124; x_wconf 86' lang='lat' dir='ltr'>patris</span> 
     </span>
    </p>
   </div>
   <div class='ocr_carea' id='block_1_3' title="bbox 113 3120 1169 3303">
    <p class='ocr_par' dir='ltr' id='par_1_3' title="bbox 113 3120 1169 3303">
     <span class='ocr_line' id='line_1_30' title="bbox 113 3120 1169 3303; baseline 0.008 -109"><span class='ocrx_word' id='word_1_209' title='bbox 113 3120 221 3197; x_wconf 81' lang='lat' dir='ltr'>&amp;filii</span> <span class='ocrx_word' id='word_1_210' title='bbox 235 3125 268 3199; x_wconf 71' lang='grc' dir='ltr'>ἃ</span> <span class='ocrx_word' id='word_1_211' title='bbox 281 3124 433 3221; x_wconf 88' lang='lat' dir='ltr'>Spiritus</span> <span class='ocrx_word' id='word_1_212' title='bbox 447 3126 553 3201; x_wconf 72' lang='lat' dir='ltr'>sanili</span> <span class='ocrx_word' id='word_1_213' title='bbox 565 3142 705 3225; x_wconf 83' lang='lat' dir='ltr'>natura,</span> <span class='ocrx_word' id='word_1_214' title='bbox 722 3130 1169 3303; x_wconf 67' lang='lat' dir='ltr'>cujussoliusintellelilua·</span> 
     </span>
     <span class='ocr_line' id='line_1_31' title="bbox 1093 3252 1122 3302; baseline 0 0"><span class='ocrx_word' id='word_1_215' title='bbox 1093 3252 1122 3302; x_wconf 81' lang='lat' dir='ltr'>rs</span> 
     </span>
    </p>
   </div>
   <div class='ocr_carea' id='block_1_4' title="bbox 8 3412 1199 4035">
    <p class='ocr_par' dir='ltr' id='par_1_4' title="bbox 8 3412 1199 4035">
     <span class='ocr_line' id='line_1_32' title="bbox 162 3412 1199 3526; baseline 0.017 -39"><span class='ocrx_word' id='word_1_216' title='bbox 162 3412 224 3514; x_wconf 78' lang='lat'>(*)</span> <span class='ocrx_word' id='word_1_217' title='bbox 252 3422 495 3497; x_wconf 72' lang='lat' dir='ltr'>Intesesiualem</span> <span class='ocrx_word' id='word_1_218' title='bbox 512 3426 789 3526; x_wconf 76' lang='lat' dir='ltr'>rationabilemque</span> <span class='ocrx_word' id='word_1_219' title='bbox 798 3446 950 3501; x_wconf 80' lang='lat' dir='ltr'>naturam</span> <span class='ocrx_word' id='word_1_220' title='bbox 961 3430 1064 3515; x_wconf 77' lang='lat' dir='ltr'>sentit</span> <span class='ocrx_word' id='word_1_221' title='bbox 1084 3436 1169 3504; x_wconf 74' lang='lat' dir='ltr'>Dius</span> <span class='ocrx_word' id='word_1_222' title='bbox 1195 3474 1199 3483; x_wconf 89' lang='lat'>·</span> 
     </span>
     <span class='ocr_line' id='line_1_33' title="bbox 112 3506 1168 3626; baseline 0.018 -40"><span class='ocrx_word' id='word_1_223' title='bbox 112 3506 151 3586; x_wconf 69' lang='lat'>(5</span> <span class='ocrx_word' id='word_1_224' title='bbox 172 3522 359 3609; x_wconf 82' lang='lat' dir='ltr'>unigenitus</span> <span class='ocrx_word' id='word_1_225' title='bbox 386 3528 491 3595; x_wconf 71' lang='lat' dir='ltr'>silius</span> <span class='ocrx_word' id='word_1_226' title='bbox 509 3530 577 3623; x_wconf 78' lang='lat' dir='ltr'>ejus</span> <span class='ocrx_word' id='word_1_227' title='bbox 600 3526 641 3604; x_wconf 63' lang='grc' dir='ltr'>(τ</span> <span class='ocrx_word' id='word_1_228' title='bbox 662 3533 810 3626; x_wconf 77' lang='lat' dir='ltr'>Spiritui</span> <span class='ocrx_word' id='word_1_229' title='bbox 824 3531 987 3621; x_wconf 71' lang='lat' dir='ltr'>firnisnr:</span> <span class='ocrx_word' id='word_1_230' title='bbox 1019 3531 1168 3616; x_wconf 73' lang='lat' dir='ltr'>sentiunt</span> 
     </span>
     <span class='ocr_line' id='line_1_34' title="bbox 110 3618 1169 3725; baseline 0.012 -35"><span class='ocrx_word' id='word_1_231' title='bbox 110 3618 224 3707; x_wconf 75' lang='lat' dir='ltr'>Angeli</span> <span class='ocrx_word' id='word_1_232' title='bbox 239 3624 277 3693; x_wconf 65' lang='grc' dir='ltr'>(Ἰ</span> <span class='ocrx_word' id='word_1_233' title='bbox 297 3625 481 3721; x_wconf 80' lang='lat' dir='ltr'>Poteflarer,</span> <span class='ocrx_word' id='word_1_234' title='bbox 506 3644 681 3725; x_wconf 66' lang='lat' dir='ltr'>ceteraque</span> <span class='ocrx_word' id='word_1_235' title='bbox 711 3634 886 3718; x_wconf 77' lang='lat' dir='ltr'>Virtute15</span> <span class='ocrx_word' id='word_1_236' title='bbox 903 3632 1010 3719; x_wconf 81' lang='lat' dir='ltr'>sentit</span> <span class='ocrx_word' id='word_1_237' title='bbox 1033 3636 1169 3706; x_wconf 83' lang='lat' dir='ltr'>interior</span> 
     </span>
     <span class='ocr_line' id='line_1_35' title="bbox 110 3712 1166 3830; baseline 0.022 -51"><span class='ocrx_word' id='word_1_238' title='bbox 110 3712 197 3783; x_wconf 73' lang='lat' dir='ltr'>homo</span> <span class='ocrx_word' id='word_1_239' title='bbox 217 3726 271 3810; x_wconf 84' lang='lat' dir='ltr'>qui</span> <span class='ocrx_word' id='word_1_240' title='bbox 292 3726 333 3792; x_wconf 85' lang='lat' dir='ltr'>ad</span> <span class='ocrx_word' id='word_1_241' title='bbox 353 3728 517 3818; x_wconf 81' lang='lat' dir='ltr'>imaginem</span> <span class='ocrx_word' id='word_1_242' title='bbox 542 3727 580 3801; x_wconf 73' lang='lat'>(5</span> <span class='ocrx_word' id='word_1_243' title='bbox 594 3728 839 3824; x_wconf 81' lang='lat' dir='ltr'>fimilitudinem</span> <span class='ocrx_word' id='word_1_244' title='bbox 864 3739 929 3803; x_wconf 87' lang='lat' dir='ltr'>Dei</span> <span class='ocrx_word' id='word_1_245' title='bbox 948 3733 1094 3801; x_wconf 78' lang='lat' dir='ltr'>conditus</span> <span class='ocrx_word' id='word_1_246' title='bbox 1117 3732 1166 3830; x_wconf 82' lang='lat' dir='ltr'>efl.</span> 
     </span>
     <span class='ocr_line' id='line_1_36' title="bbox 99 3812 1166 3929; baseline 0.02 -48"><span class='ocrx_word' id='word_1_247' title='bbox 99 3812 162 3881; x_wconf 79' lang='lat' dir='ltr'>Ex</span> <span class='ocrx_word' id='word_1_248' title='bbox 179 3841 243 3913; x_wconf 82' lang='lat' dir='ltr'>quo</span> <span class='ocrx_word' id='word_1_249' title='bbox 264 3824 464 3897; x_wconf 79' lang='lat' dir='ltr'>concluditur</span> <span class='ocrx_word' id='word_1_250' title='bbox 484 3832 588 3925; x_wconf 68' lang='lat' dir='ltr'>sigum</span> <span class='ocrx_word' id='word_1_251' title='bbox 606 3825 645 3903; x_wconf 71' lang='lat'>(5</span> <span class='ocrx_word' id='word_1_252' title='bbox 669 3831 733 3897; x_wconf 80' lang='lat' dir='ltr'>stac</span> <span class='ocrx_word' id='word_1_253' title='bbox 753 3834 968 3925; x_wconf 80' lang='lat' dir='ltr'>quodammodo</span> <span class='ocrx_word' id='word_1_254' title='bbox 989 3835 1089 3901; x_wconf 83' lang='lat' dir='ltr'>unius</span> <span class='ocrx_word' id='word_1_255' title='bbox 1112 3831 1166 3929; x_wconf 81' lang='lat' dir='ltr'>effe</span> 
     </span>
     <span class='ocr_line' id='line_1_37' title="bbox 8 3912 1073 4035; baseline 0.02 -49"><span class='ocrx_word' id='word_1_256' title='bbox 8 4030 13 4035; x_wconf 21' lang='grc' dir='ltr'>Ι</span> <span class='ocrx_word' id='word_1_257' title='bbox 69 3912 285 4010; x_wconf 77' lang='lat' dir='ltr'>stibstantiae.</span> <span class='ocrx_word' id='word_1_258' title='bbox 339 3926 477 4010; x_wconf 88' lang='lat' dir='ltr'>Veriio</span> <span class='ocrx_word' id='word_1_259' title='bbox 493 3922 895 4027; x_wconf 64' lang='lat' dir='ltr'>Hieron.ini,pib.ab</span> <span class='ocrx_word' id='word_1_260' title='bbox 911 3928 1073 4006; x_wconf 69' lang='lat' dir='ltr'>nultum.</span> 
     </span>
    </p>
   </div>
   <div class='ocr_carea' id='block_1_5' title="bbox 0 0 1254 4254">
    <p class='ocr_par' dir='ltr' id='par_1_5' title="bbox 0 0 1254 4254">
     <span class='ocr_line' id='line_1_38' title="bbox 0 0 1254 4254; baseline 0 0"><span class='ocrx_word' id='word_1_261' title='bbox 0 0 1254 4254; x_wconf 95' lang='lat' dir='ltr'> </span> 
     </span>
    </p>
   </div>
  </div>
 </body>
</html>
