2498 4254
187 110 693 301 ,ut-numerurm,
742 152 847 269 cin,
872 177 939 260 Ν,
1049 192 1133 299 335.

58 339 119 418 sid
129 342 167 417 in
181 338 237 417 his
251 344 311 435 qui
323 338 390 416 tisri
402 340 639 436 appesiantur,
649 344 756 415 etiam
769 360 830 415 eas
843 342 1117 437 comprehendi.
1193 398 1196 407 ·

57 444 241 538 Praecipue
262 458 382 515 tamen
399 446 441 514 ad
463 441 613 516 strictum
632 454 823 514 numerum.
840 447 995 516 ueniunt
1007 446 1041 517 ni
1055 448 1135 536 qui·

56 546 172 637 parati
187 543 320 614 suntad
341 539 528 615 israelitica
546 545 640 616 bella
655 543 867 635 procedere,
893 546 953 633 qrti
972 544 1120 638 possunt

57 641 226 715 adversus
242 644 324 714 illos
336 642 456 714 hostes
473 643 712 733 inimicosque
729 636 861 714 bellare
874 664 965 734 quos
980 643 1120 719 sedenti

57 741 231 815 adextris
251 740 320 813 suis
342 739 417 813 snio
438 740 578 831 subjicit
592 755 715 836 pater,
741 754 783 811 ut
799 741 955 814 destruat
969 762 1119 843 omnem
1135 798 1157 835 ¹.
1221 742 1239 781 ²

56 842 298 936 principatum
318 862 358 912 ac
377 841 612 936 potestatem:
639 853 681 913 ut
695 862 759 932 per
775 841 847 912 hoc
865 843 1018 915 militum
1039 843 1120 917 suo-
1240 846 1243 863 '

55 961 137 1014 rum
151 961 321 1012 numeros
334 944 392 1031 qui
409 940 494 1013 Deo
509 943 702 1011 militantes
716 961 793 1011 non
811 940 844 1013 se
859 943 1136 1035 impiioantneae

54 1043 164 1133 gotiis
176 1038 406 1132 secularibus,
420 1038 607 1112 adversarii
624 1061 731 1129 renna
743 1036 941 1113 subsertat:
959 1042 1137 1132 aquibus
1191 1130 1194 1139 ¹

53 1137 155 1212 scuta
170 1135 254 1213 fidei
270 1139 577 1229 circumferantur,
604 1137 638 1210 dc
653 1138 831 1231 sapientiae
843 1142 914 1211 teia
929 1143 1120 1213 vibrentur

56 1241 167 1311 etiam
186 1240 223 1310 in
245 1241 372 1329 quibus
395 1241 467 1333 spei
486 1239 519 1310 ἃ
535 1239 654 1310 salutis
671 1243 770 1332 galea
792 1238 977 1326 coruscet,
1003 1261 1046 1312 ac
1062 1243 1139 1313 lo-·

55 1336 565 1430 ricaclaritatisDeoplenum
577 1335 858 1431 muniatpettus.
912 1326 1023 1413 Tales
1040 1343 1139 1431 ημῖν·

56 1436 142 1510 dem
152 1439 238 1508 mihi
251 1437 560 1509 videnturmiiites
571 1438 738 1528 indicari,
766 1437 853 1510 &ad
867 1438 1120 1530 hujuscemodi

55 1535 153 1609 bella
171 1538 383 1629 praeparari,
408 1537 443 1609 hi
463 1539 574 1628 quiin
595 1537 725 1608 divinis
741 1538 839 1608 libris
859 1559 925 1629 per
939 1538 1013 1610 Dei
1029 1560 1121 1631 prae·

54 1648 204 1729 ceptum
221 1638 397 1707 numerari
412 1636 595 1726 jubentur.
647 1635 789 1707 Horum
805 1657 896 1708 vero
913 1641 1029 1710 multo
1046 1639 1122 1711 cla-

58 1738 174 1808 riores
189 1733 494 1826 persettioresque
514 1735 740 1827 desrgnantur
761 1735 811 1806 illi
833 1754 987 1825 quorum
1008 1740 1141 1812 etiam·

55 1836 178 1926 capilli
197 1836 323 1925 capitis
341 1837 518 1906 numerati
543 1832 612 1905 esse
639 1835 818 1909 dicuntur.
870 1832 925 1907 Illi
949 1833 1032 1907 sane
1055 1835 1121 1926 qui

56 1935 174 2026 puniti
192 1931 272 2004 sunt
286 1954 352 2025 pro
368 1934 540 2029 peccatis,
567 1953 719 2024 quorum
738 1954 897 2025 corpora
905 1936 1120 2007 ceciderunt

53 2035 95 2105 in
117 2030 279 2122 deserte,
304 2032 568 2104 similitudinem
582 2033 751 2104 uidentur
769 2034 902 2104 habere
919 2053 1044 2106 eorum
1058 2036 1121 2125 qui
1131 2056 1139 2083 ⁵

54 2130 291 2226 profecerant
310 2133 453 2215 quidem
471 2151 548 2204 non
568 2153 715 2223 parum,
743 2129 802 2203 sed
818 2131 861 2203 ad
878 2129 988 2204 finem
1002 2133 1142 2225 perso·

54 2229 185 2304 ttionis
203 2233 395 2322 pervenire
409 2233 555 2304 minime
570 2243 772 2322 potuerunt
789 2230 934 2303 diverses
949 2250 993 2303 ex
1006 2232 1120 2307 causis

54 2331 157 2424 quod
178 2332 237 2401 vel
257 2329 505 2422 murmurasse,
533 2333 593 2403 vei
613 2331 711 2401 idola
728 2327 901 2422 coluisse,
928 2333 990 2403 vel
1008 2333 1134 2405 sorni-1
1213 2340 1220 2351 “

55 2432 128 2504 ceti
144 2429 212 2502 esse
231 2429 421 2515 dicuntur,
449 2434 510 2503 vel
536 2432 606 2502 taie
625 2429 757 2520 aliquid
773 2432 879 2520 quale
895 2433 1022 2521 ntique
1040 2452 1140 2505 non

54 2531 185 2603 liceret
199 2544 322 2600 mente
338 2531 546 2621 concipere.
598 2529 668 2599 Sed
684 2550 732 2600 ne
746 2529 833 2600 illud
850 2530 994 2619 quidem
1012 2531 1124 2605 sacra·

55 2643 185 2706 mento
200 2629 321 2718 aiiquo
340 2650 494 2701 vacuum
512 2640 625 2721 puto,
653 2628 751 2717 quod
769 2632 911 2719 quidam
927 2631 1039 2703 multa
1057 2653 1121 2724 pe·

54 2728 143 2801 cora
159 2728 192 2799 δι
209 2730 321 2799 muita
335 2730 497 2802 animalia
516 2729 690 2799 habentes
704 2727 982 2819 praeueniunt&
1000 2732 1124 2822 praeri.

55 2831 162 2925 piunt
184 2829 310 2898 locum
321 2843 441 2920 aptum
461 2825 617 2918 pastibus
638 2826 914 2898 &nutrimentis
930 2848 1121 2924 pecorum,
1234 2838 1237 2847 '

55 2950 104 3019 qu
150 2950 164 2999 r
199 2928 352 3017 primum
396 2925 578 2997 israelitici
619 2926 703 2996 belli
739 2925 863 2996 dextra
898 2926 1120 3005 defenderat.
1168 3008 1171 3023 ,

34 3032 179 3122 ¹Quem
205 3027 327 3097 locum
353 3023 525 3116 aMoyse
550 3023 813 3117 deposcentes,
840 3027 934 3096 ultra
954 3026 1121 3118 Jordanis

55 3128 194 3199 fluenta
221 3125 447 3217 separantur,
475 3136 583 3213 atque
602 3146 621 3194 a
643 3135 744 3194 terrae
762 3122 885 3195 sanstae
907 3120 1120 3225 possessione

55 3227 302 3300 secernuntur.
353 3226 427 3321 Qui
454 3223 619 3316 Jordanis
648 3223 763 3293 videri
790 3221 1144 3314 potestsecundum.

56 3324 248 3399 coelestium
267 3320 420 3396 sormam
438 3326 552 3416 rigare
568 3321 792 3393 &inundare
809 3325 943 3394 animas
959 3322 1120 3399 sitientes

56 3427 90 3498 dt
110 3424 229 3498 sensus
248 3424 453 3515 adiacentes
473 3422 546 3497 fibi.
599 3420 674 3494 Ubi
693 3442 740 3492 ne
756 3416 845 3492 illud
860 3422 1003 3511 quidem
1022 3427 1120 3498 otio·

54 3526 130 3599 sum
147 3524 314 3615 videtur,
340 3523 439 3613 quod
458 3520 606 3614 Moyses
623 3520 765 3612 quidem
788 3522 887 3593 audit
902 3543 922 3593 a
935 3521 1023 3595 Deo
1041 3546 1131 3616 quae·

53 3628 95 3699 in
117 3624 273 3695 Levitici
300 3626 378 3716 iege
404 3621 578 3713 descripta
601 3620 705 3709 sunt,
739 3621 925 3711 populus,
961 3643 1053 3693 vero
1080 3627 1139 3697 in·

53 3723 353 3800 Deuteronomio
369 3718 658 3811 auditorMoysrs
674 3714 846 3807 efficitur,
873 3720 1039 3792 &abillo
1054 3723 1122 3795 dis·-

57 3831 109 3903 cit
126 3845 168 3896 ea
186 3842 263 3915 que
280 3843 299 3890 a
317 3820 402 3894 Deo
416 3821 628 3898 audirenon
641 3816 773 3910 potuit.
809 3814 1009 3919 Propterea
1021 3814 1141 3897 enim}

109 3927 258 4020 origenis
286 3915 374 4002 Tou.
400 3922 464 3999 ΙΙΙ.
611 3910 677 3998 Bb
973 3913 1102 4011 *ii-KQ·
1175 3985 1183 3999 .
