2498 4254
290 124 756 240 nuntiaremus,
807 138 961 225 tmt
1107 147 1159 243 'rb

85 308 203 407 cat&
216 308 400 405 profatus
420 310 545 405 aliquis
565 308 599 383 dt
619 304 788 385 decessus.
837 306 924 383 Hoc
939 306 1035 383 enini
1054 304 1158 401 quot

88 413 141 487 ait
158 412 266 507 Jt>b‚¹
282 411 385 481 Stesae
403 432 469 481 uon
482 412 559 493 saut
574 412 697 479 mundae
713 415 750 477 iu
764 405 920 504 conspeiiu
936 414 1022 509 ejus,
1045 409 1159 485 talen

88 510 179 591 mihi
196 510 385 610 quemdam
397 509 542 583 videtur
556 510 714 585 indicare
729 506 958 585 intellectum.
1139 514 1142 522 '

164 634 204 701 4.
241 610 319 708 Jam
345 622 436 684 vero
463 620 608 707 eaquae
633 610 820 685 animantia
844 608 915 684 esse
940 609 975 685 dt
998 608 1160 685 rationa-

91 708 209 803 bssia,
253 705 509 803 consequentia
542 707 787 805 disputationis
823 710 991 803 invenit,
1032 724 1190 787 utrum·-

94 828 177 887 cum
203 808 420 905 corporibus
445 810 580 901 pariter
603 810 755 883 animata
777 809 971 884 videantur
996 830 1042 884 eo
1066 822 1158 889 tem·
1241 848 1244 857 ·

44 957 46 964 ·
94 928 208 1007 pore,
234 930 319 987 cum
334 908 422 983 dicit
438 910 610 1003 scriptura
630 910 712 1003 quia
723 910 805 1002 facit
821 908 913 985 Deus
936 912 996 985 dno
1020 911 1161 983 sumina·

44 1073 46 1084 .
97 1016 147 1083 tia
171 1035 306 1104 magua,
331 1008 371 1087 (5
394 1010 557 1081 luminare
579 1014 680 1109 majus
707 1036 744 1080 m
764 1016 979 1109 principatum
1004 1012 1093 1093 diei,
1118 1006 1162 1087 θ

63 1111 68 1132 ¹
94 1112 255 1184 luminare
271 1114 377 1183 minus
399 1116 437 1181 in
453 1114 666 1207 principatum
678 1106 796 1195 uptiis,
823 1109 863 1189 (5
875 1112 996 1205 ‘flastra
1022 1130 1067 1183 an
1080 1128 1162 1187 non

96 1230 177 1287 cum
192 1208 274 1307 ipsrs
295 1210 533 1305 corporibus,
564 1208 626 1285 sed
642 1208 858 1286 extrinsecus
875 1210 975 1285 sadis
990 1212 1063 1304 iam
1078 1227 1161 1283 cor·

94 1311 246 1407 poribus
260 1308 407 1383 insenuit
422 1306 580 1403 spiritum
598 1310 856 1405 pervidendum
872 1310 932 1385 est.
981 1308 1064 1406 Ego
1082 1306 1162 1405 qui·

95 1408 177 1503 dem
200 1406 358 1503 suspicor
383 1408 602 1483 extrinsecus
621 1409 789 1483 insertum
808 1410 878 1485 csse
893 1409 1073 1503 spiritum,
1099 1400 1163 1483 sed

95 1507 848 1704 ss
863 1511 939 1683 tu
954 1505 1161 1682 riuus:
1233 1540 1243 1611 1

92 1706 347 1803 scripturarum
362 1722 482 1783 autem
496 1706 707 1783 testimoniis
730 1712 856 1805 utique
879 1706 1053 1783 difficilius
1070 1706 1161 1783 affir-

93 1822 223 1890 matur.
250 1806 345 1882 Nam
365 1828 428 1899 per
449 1806 672 1901 conjetttrras
687 1810 737 1883 ita
758 1810 916 1902 poffibile
934 1807 985 1883 est
1008 1804 1162 1885 ostendi.

94 1906 136 1983 Si
147 1908 303 1983 hominis
320 1907 525 2001 animaque
538 1909 665 2004 utique
679 1909 830 1982 inferior
845 1908 915 1997 est,
943 1907 1026 1980 dum
1048 1904 1164 1980 homi·

97 2008 158 2084 nis
185 2000 398 2099 anima'est,
432 2027 509 2081 non
534 2029 615 2081 curn
641 2009 854 2101 corporibus
878 2004 985 2101 ficta,
1019 2004 1080 2079 sed
1102 2023 1166 2079 err·

95 2104 274 2181 trinsecus
292 2108 440 2201 proprie
459 2108 636 2201 probatur
657 2104 808 2201 inserta,
834 2108 952 2181 multo
970 2106 1080 2205 magis
1100 2125 1164 2177 eo·

94 2224 179 2281 rum
212 2206 440 2283 animantium
473 2228 552 2303 quae
585 2206 737 2281 colestia
772 2208 1006 2305 desrgnantur.
1066 2202 1166 2280 Nam

97 2318 277 2401 quantum
301 2305 346 2381 ad
370 2308 533 2381 homines
564 2303 718 2401 spetiat,
757 2307 949 2403 quomodo
974 2326 1056 2383 cum
1081 2322 1164 2376 cor·

96 2426 193 2503 pore
211 2406 310 2481 {imeri
330 2404 411 2481 nna
436 2407 551 2481 anima
574 2408 758 2481 videbitur
781 2407 858 2502 ejus
884 2408 944 2501 qui
970 2407 1006 2479 in
1031 2416 1166 2478 venue

98 2504 201 2581 suum
219 2506 367 2581 fratrem
390 2504 651 2603 supplantavit,
677 2506 783 2580 idest
802 2506 951 2604 Jacob?
974 2504 1054 2578 Aut
1074 2522 1168 2597 quo·

97 2606 215 2683 modo
232 2606 331 2680 samus
349 2626 432 2680 curn
450 2626 608 2700 corpore
621 2603 702 2679 sista
715 2605 767 2680 est
782 2608 917 2701 anima,
943 2606 1005 2678 vei
1020 2600 1165 2697 plasma·

100 2707 227 2801 taejus
246 2707 307 2799 qui
324 2704 440 2780 adhuc
454 2707 492 2803 ip
504 2718 636 2779 ventre
650 2708 772 2781 matris
786 2704 1023 2803 siraeposrtus,
1049 2704 1166 2796 repie-

100 2818 161 2881 tus
185 2804 238 2879 est
257 2804 393 2900 Spiritu
412 2804 569 2879 sanuot
602 2807 780 2902 Joannem
803 2806 888 2879 dico
909 2803 1166 2897 tripudiantem

102 2904 140 2979 in
161 2918 271 2980 utero
289 2906 433 2995 matris,
459 2904 644 3001 &magna
667 2906 703 2980 se
728 2906 952 2980 exultatione
974 2900 1168 2995 iadantem

103 3025 174 3101 pro
200 3026 247 3079 eo
273 3004 371 3099 quod
396 3001 617 3079 salutationis
641 3027 721 3079 vox
744 3003 873 3078 Muriae
896 3003 942 3079 ad
967 3020 1071 3075 aures
1094 2996 1167 3075 Eii-

103 3105 234 3180 zabeth
250 3100 319 3179 suae
342 3105 463 3177 matris
489 3104 696 3181 advenerat.
750 3104 950 3205 Quomodo
977 3122 1059 3175 cum
1085 3118 1167 3175 cot·

104 3225 196 3303 pore
216 3205 317 3280 fimul
342 3201 423 3277 flua
450 3204 501 3278 est
525 3204 559 3277 tr
584 3203 751 3299 plasmata
775 3207 883 3279 etiam
906 3202 1000 3276 tilius
1026 3200 1167 3295 anima,

106 3302 166 3399 qui
187 3320 376 3397 antequam
393 3304 431 3377 in
451 3319 559 3379 utero
585 3304 824 3398 formaretur,
849 3317 960 3377 notus
987 3298 1057 3375 ess'e
1078 3300 1173 3375 Deo

44 3415 48 3476 s
106 3404 255 3497 dicitur,
282 3404 317 3478 dt
341 3416 530 3496 antequam
555 3404 601 3479 de
627 3406 739 3477 vulva
760 3403 996 3501 procederet,
1020 3394 1167 3475 sansiifi·

44 3563 48 3592 ,
107 3518 209 3581 catus
232 3502 285 3578 est
309 3506 354 3576 ab
379 3502 459 3576 eoi
483 3502 544 3577 Ne
570 3504 670 3579 forte
693 3524 771 3577 non
798 3502 957 3597 judicio,
991 3521 1061 3575 nec
1094 3516 1165 3593 pro

44 3657 46 3666 -
106 3604 240 3681 meritis
260 3604 401 3698 replere
424 3603 560 3694 aliquos
580 3604 680 3678 Deus
704 3603 869 3676 videatur
883 3603 1016 3699 Spiritu
1032 3596 1165 3693 tuno,

106 3700 369 3779 &sanfflficare
388 3724 465 3775 non
482 3708 624 3779 merito.
672 3700 723 3776 Et
738 3703 926 3797 quomodo
955 3700 1165 3794 effugiemus
1214 3745 1219 3751 -

107 3802 204 3891 iiiam
232 3822 369 3881 vocem
401 3824 480 3901 quc
512 3804 579 3880 ait:
606 3806 782 3981 ἔηωᾳκῐι
815 3798 1169 3991 mjuditiafflpa

44 4111 52 4201 i
