2498 4254
322 144 924 258 uu'ontrtout.
1079 194 1152 276 491

163 358 206 413 21
235 332 415 412 Caeteutm
434 332 581 413 orantes
597 332 683 414 'non
699 340 842 432 inania,
867 336 928 412 sed
943 336 1050 433 digne
1065 336 1154 439 Deo

85 440 289 531 loquamur.
341 438 543 537 Loquimur
556 448 677 515 autem
692 458 809 534 vana,
836 460 918 511 cum
932 459 1051 529 neque
1068 458 1157 511 nos·

79 537 258 628 'metipsos
272 558 392 631 neque
411 536 552 612 emissos
569 539 709 612 anobis
723 540 760 612 in
778 539 947 613 oratione
968 536 1153 611 sermones

85 636 213 711 severe
231 640 493 731 examinamus,
518 635 579 711 sed
596 638 642 711 de
654 640 763 712 rebus
778 642 958 732 corruptis
971 639 1155 730 loquimur

87 748 151 810 aut
167 736 350 811 sermones
374 737 408 810 dt
432 738 674 833 cogitationes
696 737 913 832 proferimus
941 735 1092 831 abjestas
1111 712 1172 808 ac*

85 834 368 930 reprehensione
385 836 528 935 dignas,
554 838 761 929 alienasque
778 859 798 910 a
815 838 1154 929 Domini-puritate.

85 934 164 1029 Jam
183 938 297 1028 quiin
319 936 487 1010 oratione
512 952 606 1009 vana
619 938 782 1029 loquitur
797 939 914 1030 pejori
933 938 1058 1009 habitu
1077 932 1153 1027 est,

87 1054 194 1124 quam
220 1055 312 1128 quos
339 1035 441 1131 supra
466 1035 617 1110 diximus
644 1034 802 1110 addidtos
840 1034 911 1109 esse
935 1035 1154 1131 synagoga,

86 1136 220 1218 viaque
232 1135 369 1208 incedit
387 1132 578 1208 difficiliori
600 1137 737 1233 angulis
757 1138 974 1230 platearum:
1001 1155 1082 1207 cum
1104 1152 1154 1205 ne

89 1232 277 1331 vestigium
313 1234 456 1325 quidem
483 1236 573 1307 boni
603 1234 724 1309 servet
749 1238 810 1309 vel
840 1233 1025 1333 fingendo.
1077 1230 1155 1305 Sosi
1212 1272 1215 1279 ·

88 1335 185 1408 enim
213 1333 361 1407 Ethnici
387 1336 493 1427 juxta
518 1331 781 1433 Evangelicum
810 1348 949 1410 textum
978 1334 1072 1408 uana
1101 1334 1159 1404 lo·

88 1446 273 1526 quuntur,
303 1453 384 1508 cum
410 1453 615 1531 magnarum
640 1436 685 1507 ac'
710 1432 902 1509 celestium
931 1435 1154 1525 petitionum

87 1552 137 1606 ne
163 1532 321 1606 habeant
342 1533 485 1625 quidem
513 1536 728 1633 notionem,
761 1533 821 1607 sed
844 1535 1050 1607 orationem
1080 1551 1157 1605 om·

88 1652 173 1706 nem
198 1634 243 1705 de
264 1634 454 1726 corporeis
477 1633 709 1723 externisque
730 1634 838 1706 rebus
864 1632 1016 1706 saciant:
1042 1632 1156 1703 itaut

87 1725 250 1804 Ethnico
272 1752 367 1805 vana
384 1732 569 1823 loquentis
590 1730 707 1804 similis
726 1730 768 1804 fit
793 1733 852 1823 qui
872 1731 1043 1805 inferiora
1062 1730 1157 1822 petit

89 1829 290 1903 aDomino
316 1831 425 1903 eaelos
447 1831 481 1902 δι
502 1850 581 1923 quae
607 1829 746 1904 excelsa
765 1832 938 1904 caeiorum
958 1828 1154 1923 superant,

87 1928 326 2003 inhabitante.
377 1928 493 2001 Porro
519 1929 614 2002 idem
634 1930 779 2003 videtur
805 1929 875 2003 effe
907 1930 1027 2002 inania
1052 1924 1157 2019 loq'ui

89 2046 133 2099 ac
159 2031 270 2101 muita
290 2029 410 2119 ioqui:
443 2028 532 2101 nihil
555 2029 649 2103 enim
676 2026 728 2102 est
751 2048 864 2103 unum
889 2031 926 2103 in
949 2024 1156 2103 materia&

89 2129 328 2220 corporibus,
353 2125 413 2202 sed
428 2128 684 2221 quodcumque
697 2149 809 2201 unum
824 2143 991 2222 putatur,
1017 2125 1156 2200 scissum

88 2224 141 2298 est
157 2226 189 2298 &
206 2226 355 2301 divisum
371 2241 478 2319 atque
498 2224 688 2301 discretum
705 2229 743 2300 in
761 2229 862 2320 plura
885 2250 963 2320 quae
980 2234 1157 2299 unitatem

88 2325 290 2401 amiserunt.
342 2324 467 2402 Unum
494 2327 591 2399 enim
617 2326 668 2398 est
686 2327 850 2420 bonum,
888 2328 1005 2421 turpia
1025 2322 1156 2400 muita:

88 2444 200 2498 unum
224 2424 307 2516 quid
324 2428 478 2516 veritas,
504 2428 617 2500 multa
631 2423 733 2499 falsa:
759 2442 870 2501 unum
896 2425 981 2519 quid
1000 2444 1087 2498 vera
1105 2427 1159 2516 ju·

87 2522 201 2615 stitia,
226 2525 319 2598 hanc
338 2525 503 2599 simulant
521 2525 664 2597 habinss
685 2526 807 2599 multi:
834 2547 947 2601 unum
971 2524 1056 2616 quid
1082 2524 1159 2599 Dei

87 2622 277 2716 sapientia,
304 2627 560 2698 multae'autem
574 2623 754 2716 sapientia·
771 2627 869 2723 hujus
888 2626 990 2707 [musi
1010 2624 1047 2699 (u
1062 2635 1157 2719 prin·

88 2727 193 2819 cipum
219 2724 315 2820 hujus
334 2725 443 2811 ‚saculi
469 2749 537 2821 quae
561 2724 787 2819 destruuntur:
812 2725 845 2797 dt
869 2746 980 2798 unum
1003 2726 1158 2799 verbum

88 2819 182 2914 Dei,
208 2824 320 2894 muita
347 2835 467 2894 autem
484 2842 503 2894 a
518 2821 606 2894 Deo
627 2824 755 2900 aliena.
808 2828 932 2920 Quare
953 2832 990 2894 in
1016 2826 1157 2896 multiso-

89 2927 160 3019 quio
182 2923 300 2991 nuilus
323 2918 473 3016 effugiet
486 2938 666 3016 percarum,
699 2942 771 2994 nec
791 2923 950 2996 exaudiri
969 2924 1157 3016 quisquam

88 3017 211 3117 potest
249 3026 305 3117 qui
327 3036 425 3116 putat
454 3022 533 3117 quud
562 3024 599 3089 in
631 3022 832 3121 multiloquio
859 3014 917 3114 suo
953 3027 1156 3097 exaudiatur.

90 3119 291 3192 Caveamus
307 3120 415 3215 igitur
434 3141 480 3192 ne
503 3119 688 3214 precando
710 3120 839 3195 similes
860 3122 965 3196 simus
986 3120 1154 3197 Etbnici's

89 3220 150 3311 qui
169 3239 263 3292 vana
279 3230 339 3290 aut
352 3222 464 3292 multa
478 3221 699 3310 loquuntur,
726 3235 788 3293 aut
811 3222 1002 3312 quodlibet
1016 3221 1158 3298 faciunt

86 3322 253 3412 [teutardum
271 3318 508 3413 fimilitudintm
524 3318 695 3412 serpentis.
747 3320 870 3392 Novit
896 3323 991 3397 enim
1012 3324 1158 3397 univer·

89 3421 208 3492 sorum
226 3416 328 3490 Deus
349 3418 381 3489 dt
406 3432 508 3512 pater
524 3419 652 3509 quibus
675 3420 862 3514 indigeant
878 3416 942 3499 filii
969 3418 1039 3515 sui,
1066 3442 1156 3514 quo·

89 3521 185 3592 niam
204 3538 245 3590 ea
260 3518 363 3613 digna
377 3516 458 3591 sunt
471 3528 621 3611 paterna
641 3520 864 3613 cognitione.
906 3520 1019 3614 Quod
1036 3521 1060 3595 s1
1078 3524 1157 3612 quis

89 3619 234 3711 ignorat
252 3616 424 3690 Deum&
449 3638 491 3689 ea
513 3636 592 3707 quae
616 3616 687 3689 Dei
712 3615 793 3689 sunt
816 3620 983 3712 ignorat,
1011 3620 1157 3715 ignorat

91 3736 238 3807 quoque
258 3716 384 3806 quibus
403 3717 535 3789 habeat
550 3736 654 3811 opus.
705 3716 848 3789 Vitiosa
867 3721 962 3791 enirn
979 3717 1060 3791 sunt
1080 3721 1156 3810 qui·

91 3816 159 3889 bus
177 3815 336 3921 indigere
354 3819 389 3890 se
402 3826 518 3911 putat.
555 3816 631 3912 Qui
647 3834 742 3891 vero
762 3818 1155 3984 contemplatnzxsuerit

953 3936 1021 3991 sue
1045 3936 1124 3985 usa
