2498 4254
329 178 924 321 ononnrrdun
1079 238 1151 319 m1

66 374 208 491 ,humo
231 380 449 479 superiorem
469 390 592 463 animae
611 400 748 483 partem
768 388 802 461 dr
828 409 949 465 coram
968 387 1155 467 universo·

67 508 173 565 „rum
196 488 360 561 Domino
383 487 555 563 statuere:
582 509 727 562 omnem
748 488 902 581 denique
923 507 1042 563 earum
1063 509 1152 581 quae
1246 552 1248 557 Α

66 580 140 675 {ab
162 590 282 677 aliquo
303 587 364 659 irbi
390 585 503 680 pasius
525 586 692 679 videtur,
717 589 919 679 injuriarum
940 589 1153 665 memoriam

66 680 135 793 ;r‘n
160 699 297 758 tantum
326 687 538 778 deponere,
575 700 744 777 quantum
772 686 804 758 br
833 686 952 759 Deum
977 687 1153 780 quispiam

90 786 177 855 vult
196 784 441 859 immemorem
464 780 533 859 eise
551 806 675 859 eorum
699 807 776 877 quae
794 787 916 877 inique
937 782 1034 877 gessit
1054 783 1154 878 ipse,

68 878 129 953 ·&
153 884 190 953 in
212 886 344 955 multos
368 905 388 956 e
409 887 580 977 proximis
607 888 799 979 peccavit,
831 897 892 956 aut
914 905 991 977 quae
1019 896 1152 976 preter

84 978 226 1055 rectam
239 984 416 1056 rationem
432 986 562 1075 quovis
579 983 681 1079 egisse
699 985 811 1058 modo
828 982 888 1055 fibi
903 981 1067 1057 conscius
1085 980 1150 1059 est.

80 1076 190 1151 Nam
212 1102 292 1154 cum
315 1084 490 1156 innumeri
507 1082 577 1155 'smt
601 1086 764 1177 corporis
788 1081 953 1169 habitus,
978 1082 1040 1153 ille
1065 1102 1150 1181 pro·

79 1181 153 1250 cul
178 1180 288 1252 dubio
311 1201 385 1273 quo
413 1175 656 1254 extenduntur
679 1202 803 1255 manus
835 1180 868 1253 ἀ
895 1178 1025 1254 sursum
1050 1181 1151 1253 ocuii

75 1274 271 1350 tolluntur
288 1280 551 1373 praeponendus
568 1282 734 1354 omnibus
754 1280 804 1353 est
824 1283 867 1353 ab
890 1300 938 1352 eo
959 1278 1018 1369 qui
1041 1279 1151 1353 etiam

71 1376 164 1451 fert
186 1378 222 1449 in
250 1398 405 1470 corpore
426 1381 527 1452 velut
547 1380 733 1475 imaginem
757 1401 883 1455 eornm
905 1399 981 1469 quae
996 1380 1152 1455 animam

70 1495 157 1567 per
171 1478 372 1549 orationem
388 1478 530 1555 decent.
561 1478 666 1551 -Hoc
680 1493 800 1553 tamen
811 1480 959 1551 dicimus
971 1478 1069 1549 nulia
1083 1478 1149 1549 ob-

68 1572 204 1647 stante
220 1576 478 1651 circumstantia
487 1575 668 1673 praecipue
678 1578 900 1654 servandum.
927 1574 1150 1649 Obcircum-

70 1674 253 1748 stantiam
270 1678 365 1749 enim
384 1678 472 1750 licet
488 1676 681 1763 aliquando
699 1674 881 1750 sedentem
897 1694 1025 1765 orare,
1059 1687 1148 1766 puta

72 1786 243 1867 propter
271 1774 514 1871 :egritudinem
540 1774 672 1870 pedum
702 1796 779 1849 non
814 1771 1146 1847 contemnendam.-

76 1886 154 1943 aut
189 1875 295 1947 etiam
325 1875 525 1967 iacentem,
560 1885 711 1967 propter
736 1874 855 1946 febres
883 1883 946 1944 aut
968 1870 1146 1969 ejusmodi

72 1972 251 2047 morbos.
302 1968 509 2067 Eademque
526 1972 571 2045 de
588 1970 727 2045 causasr
748 1973 850 2045 verbi
869 1972 980 2069 gratia
999 1970 1145 2063 navige-

70 2092 185 2151 mus,
214 2082 274 2142 aut
300 2073 447 2165 negotia
473 2090 551 2143 non
575 2070 689 2147 fiuant
718 2070 885 2147 secedere
909 2070 952 2141 ad
986 2068 1144 2144 debitam

72 2170 292 2242 orationem
315 2168 607 2269 persolvendam,
634 2192 737 2251 orare
757 2172 845 2242 licet
863 2168 952 2242 nihil
972 2169 1044 2239 tale
1067 2186 1144 2263 prae

68 2270 119 2348 se
137 2268 326 2347 ferentem.
377 2268 545 2343 Genuum
569 2270 676 2342 etiarn
699 2268 896 2345 flexionem
914 2263 1143 2343 necessariam

70 2368 155 2443 effe
174 2366 353 2442 sciendum
370 2366 440 2461 est,
467 2390 548 2442 eum
564 2367 622 2442 sua
643 2371 721 2457 quis
741 2370 835 2463 apud
847 2366 967 2443 Deum
988 2375 1145 2460 peccata

69 2470 234 2559 supplex
262 2466 485 2541 accusaturus
512 2464 582 2557 est,
615 2482 657 2538 ut
679 2470 929 2560 remittantur,
962 2465 996 2538 &
1022 2464 1141 2537 abeis

69 2570 243 2640 sanetur:
269 2566 320 2638 est
336 2569 429 2640 enim
444 2566 556 2665 figura
570 2566 668 2645 Pauli
683 2586 804 2640 coram
817 2566 901 2641 Deo
915 2562 1141 2661 procidentia

75 2667 191 2754 eique
206 2663 241 2734 se
256 2664 291 2735 se
314 2665 531 2757 subjicientis
547 2687 627 2739 cum
645 2668 714 2738 ait:
742 2670 854 2764 Hujus
870 2670 917 2737 rei
930 2668 1037 2759 gratia
1042 2658 1142 2757 flesse

69 2787 182 2860 genua
194 2786 259 2832 mea
270 2765 309 2834 ad
325 2782 464 2858 patrem,
482 2792 521 2834 ex
530 2790 589 2863 quo
598 2768 783 2865 paternitas
799 2760 900 2835 omnis
916 2768 953 2833 r'n
967 2762 1035 2831 caso
1048 2760 1090 2836 U·
1101 2764 1141 2831 r'n

70 2866 377 2938 terrorromr'rratur.
406 2864 629 2955 Spiritualem
645 2876 764 2937 autem
772 2856 1139 2959 genuflexionem&

72 2960 208 3038 didam
224 2982 269 3031 eo
291 2963 388 3051 quod
404 2964 523 3037 omnia
536 2983 612 3053 quae
629 2961 709 3039 sunt
720 2962 839 3036 Deum
854 2960 1008 3037 adorent
1019 2960 1056 3031 iu
1069 2974 1137 3029 no-

70 3065 178 3139 mine
194 3060 293 3155 Jesn‚
320 3062 454 3154 ipsrque
471 3062 505 3133 se
520 3062 702 3135 humiliter
719 3060 923 3153 subjiciant,
946 3055 1137 3131 ostendero

70 3162 166 3243 milri
196 3159 339 3231 videtur
360 3159 559 3253 Apostolus
585 3162 623 3233 in
646 3162 723 3239 his:
764 3165 872 3235 Utin
897 3161 1024 3230 nomine
1051 3150 1137 3257 Jefia

76 3285 172 3335 omre
191 3284 271 3353 genu
288 3260 437 3353 flesiarur
454 3262 634 3355 celestium,
660 3260 854 3356 terrestrium
868 3258 908 3335 θ’
922 3258 1139 3349 infernorum,

75 3362 214 3449 Neque
246 3361 341 3433 enim
369 3361 445 3430 ullo
474 3358 586 3432 modo
618 3360 815 3453 putandum
842 3357 893 3431 est
915 3360 968 3437 ita
988 3354 1137 3427 confor-

77 3472 176 3533 mato
187 3457 255 3530 eise
267 3459 456 3535 caelestium
473 3478 627 3555 corpora
643 3471 685 3528 ut
700 3479 815 3555 genua
831 3460 938 3531 etiam
954 3470 1135 3546 corporea

78 3560 263 3647 habeant,
290 3578 371 3630 curn
391 3560 548 3629 rotunda
566 3555 635 3631 esse
660 3578 784 3631 eorum
806 3574 961 3649 corpora
984 3552 1134 3629 demon·

78 3657 226 3731 stratum
246 3656 286 3727 srt
307 3658 409 3729 abiis
430 3660 490 3747 qui
504 3668 669 3729 accurate
687 3654 749 3727 ista
762 3652 965 3733 trasiarunt.
1014 3648 1056 3721 Id
1070 3648 1133 3738 qui

81 3755 270 3828 admittere
292 3758 409 3832 nolit,
435 3756 464 3831 is
490 3756 553 3829 nisr
572 3755 704 3827 rationi
724 3748 957 3847 impudenter
973 3746 1131 3835 resrstat,

81 3856 191 3932 etiam
209 3852 426 3955 ungulorum
449 3854 545 3935 usum
562 3856 805 4027 ngmbrorum
821 3872 869 3931 ue
887 3850 970 3953 quid
985 3847 1138 4019 inurget

626 3972 654 4029 n
679 3975 706 4061 3
1084 3980 1102 4003 ³
