2498 4254
250 128 254 133 ·
328 115 928 216 oneratione
1086 148 1159 231 5„

95 285 201 362 niens
210 285 423 378 praebeatur,
436 288 497 359 vel
506 299 547 360 ut
556 287 636 360 olus
646 283 795 363 infirmis
807 288 1072 382 aptum,velut
1073 311 1161 371 caro

97 388 319 457 certantibus
338 386 455 480 utilis,
472 407 761 479 unumquemque
773 409 903 463 eorum
917 391 976 479 qui
997 394 1162 466 nutriun-

95 495 155 556 tur
175 488 417 578 proportione
441 486 590 576 quadam
610 506 678 579 pro
701 500 744 559 ut
761 486 797 560 se
821 491 938 560 verbo
958 484 1161 584 exhibuit,

94 583 171 658 hoc
187 584 245 658 vel
267 584 354 656 illud
371 581 532 679 efficere,
558 587 740 676 talemque
758 587 817 659 vel
832 589 939 659 talem
956 583 1047 664 fieri
1074 588 1163 663 Por·

95 702 140 756 to
153 684 321 756 alimenta
332 682 585 776 putantureffe
595 685 753 773 quedam
766 682 971 778 mortifera,
998 687 1161 778 quadam

95 782 247 859 morbos
262 796 458 896 generant,
486 784 646 875 quaedam
662 805 709 857 ne
725 782 810 857 sumi
830 785 974 877 quidem
994 784 1161 879 possunt:

98 899 177 970 quar
201 883 323 954 omnia
346 902 411 975 per
432 883 631 978 analogiam
656 882 903 957 transferenda
920 883 1000 959 sunt
1029 886 1071 956 ad
1096 885 1160 961 dis·

98 979 309 1070 ciplinarum
335 1001 413 1072 quae
435 983 530 1056 alere
563 979 665 1078 posse
689 996 894 1075 putantur,
930 976 1159 1065 varietatem.

95 1075 339 1152 Substantialis
355 1101 441 1176 ergo
458 1083 559 1172 panis
573 1079 637 1168 est,
663 1102 723 1173 qur
715 1083 903 1156 rationali
920 1097 1056 1156 naturae
1072 1104 1162 1157 con·
1242 1172 1245 1177 ¹

95 1176 390 1271 venientiffinrus,
415 1178 802 1274 ipiusquesubstantiae
819 1180 945 1273 affinis,
971 1180 1160 1259 stultatem

95 1274 197 1352 simul
213 1276 246 1348 ἃ
263 1279 397 1353 bonam
417 1278 664 1355 habitudinem
680 1278 715 1353 st
732 1281 831 1354 vires
846 1283 884 1354 i'n
903 1282 1018 1355 anima
1035 1279 1159 1374 efficit,

93 1367 474 1470 immortalitatemque
484 1377 580 1453 liram
595 1377 670 1474 (est
683 1379 778 1453 enirn
790 1380 994 1455 immortale
1005 1383 1160 1459 verbum

93 1472 406 1572 De1)comedentr
417 1477 452 1552 se
466 1479 721 1555 communicat.
760 1478 830 1552 Hic
847 1477 1079 1552 substantialis
1098 1500 1160 1572 pa·

93 1575 152 1651 nis
167 1575 239 1646 alio
257 1575 353 1675 mihi
359 1578 508 1653 nornine
524 1576 692 1651 videtur
681 1597 719 1651 ιιι
737 1575 917 1671 scripturis
930 1590 1086 1653 vocatus
1107 1575 1161 1651 es·

91 1671 129 1749 se
147 1666 293 1770 lignum
302 1677 387 1749 vite
399 1677 437 1750 in
453 1675 554 1768 quod
565 1701 620 1774 qur
614 1676 759 1762 miserit
770 1700 899 1749 mearum
914 1679 1001 1764 [uuas
1018 1679 1056 1751 ὅ
1070 1678 1161 1765 sum·

86 1778 170 1867 serit
186 1775 222 1844 ua
237 1781 373 1846 revivat
384 1781 422 1847 in
438 1792 603 1852 aternum
654 1773 786 1851 Tertio
803 1777 909 1852 etiarn
932 1778 1081 1851 nomine
1096 1779 1160 1871 lig·

93 1892 182 1947 nuru
197 1872 271 1947 hoc
289 1871 462 1967 sapientia
480 1874 555 1952 Dei
575 1874 706 1951 dicitur
725 1874 820 1993 apud
842 1874 1077 1950 Salomonem
1101 1876 1159 1949 bis

94 1973 238 2047 verbis:
267 1978 408 2067 Lignum
425 1979 504 2050 vita
522 1974 563 2072 eft
576 1974 716 2050 omnibus
732 2000 787 2073 qua
782 1971 1047 2070 compleslunrur
1069 1998 1158 2063 eam,

93 2068 135 2149 (Ἰ
154 2077 211 2170 qui
231 2073 454 2148 incumbunt
440 2099 477 2148 ru
500 2099 568 2147 eam
586 2089 740 2173 tunquam
763 2078 801 2147 su
823 2079 1014 2162 Dominum,
1033 2074 1158 2163 secura.

90 2172 171 2271 Jam
187 2194 375 2248 varocum
392 2175 510 2270 angeli
524 2194 672 2268 quoque
689 2174 812 2249 divina
828 2177 968 2248 alantur
985 2172 1160 2268 sapientia

92 2272 167 2350 &a
192 2275 505 2368 contemplatione
533 2274 714 2370 sapientie
734 2271 769 2348 u
792 2275 939 2351 veritati
964 2269 1159 2361 coniuntia

93 2374 190 2447 vires
211 2375 355 2468 capiant
383 2373 428 2449 ad
450 2394 563 2468 opera
587 2372 648 2448 sua
670 2377 816 2469 propria
838 2369 1140 2490 perficienda‚di
1139 2410 1160 2433 ·

94 2485 225 2547 cuntur
240 2477 277 2547 in
300 2470 440 2568 psalmis
466 2475 574 2550 etiam
595 2474 712 2570 angeli
727 2473 881 2565 nutriri,
914 2472 1159 2563 hominesque

91 2569 164 2649 Dei
185 2575 244 2664 qui
264 2573 410 2648 Hebraei
433 2584 637 2664 vocantur,
672 2574 941 2650 communicare
959 2571 1094 2667 angelis
1120 2568 1157 2650 δι

91 2668 187 2762 quast
209 2670 439 2747 convisiores
460 2668 549 2747 fieri.
599 2670 691 2745 Tale
710 2671 798 2745 illud
814 2669 882 2747 est:
919 2673 1035 2745 Panem
1058 2678 1157 2763 auge-

88 2771 192 2841 lorum
204 2770 408 2847 manducavit
422 2771 520 2845 Ιιοιιιο.
553 2769 688 2861 Neque
706 2770 801 2844 enirn
817 2769 909 2843 adeo
926 2768 1058 2844 mentis
1075 2768 1159 2845 inu·

88 2890 155 2964 pes
184 2869 254 2944 elle
283 2870 455 2947 debemus
480 2882 523 2946 ut
545 2870 757 2946 arbitremur
784 2889 874 2963 corp
876 2887 969 2941 oreo
994 2864 1155 2958 quodam

87 2989 202 3065 pane
238 2971 298 3062 qui
322 2973 458 3043 caelitus
483 2969 527 3043 ad
546 2989 612 3043 eos
635 2970 696 3059 qui
717 2965 881 3066 AEgypto
907 2964 1027 3064 egressi
1050 2976 1158 3048 erant

87 3066 253 3143 cecidisse
267 3080 451 3162 narratur,
477 3067 626 3184 angelos
641 3068 695 3140 uti
712 3063 922 3161 semperque
943 3085 991 3140 eo
1010 3065 1156 3157 nutriri,
1174 3118 1176 3122 -

87 3169 320 3260 ejusdemque
339 3166 439 3242 srmul
463 3170 657 3261 participes
680 3162 781 3240 suilla
800 3165 977 3245 Hebraeos
993 3183 1075 3239 cum
1093 3184 1156 3239 au
1201 3181 1204 3185 ·

89 3269 178 3364 gelis
195 3265 499 3347 administratoriis
513 3266 586 3346 Dei
599 3264 789 3360 spiritibus.
816 3264 907 3338 Cum
924 3276 1045 3338 autem
1060 3283 1155 3355 que·

89 3388 206 3440 ramus
224 3368 302 3457 quis
321 3365 364 3443 sat
380 3363 612 3442 substantialis
628 3369 730 3460 panis
728 3418 760 3539 A
714 3363 811 3443 s&
826 3365 961 3460 lignum
980 3360 1155 3456 vitae,&
1116 3360 1161 3442 δι·

90 3464 262 3557 sapientia
282 3464 374 3545 Dei,
400 3466 649 3544 &commune
667 3462 726 3539 san
763 3483 867 3539 orum
887 3463 1074 3542 hominurn
1090 3481 1156 3534 arr«

90 3565 324 3658 gelorumque
345 3567 573 3657 alimentum,
597 3584 677 3640 non
694 3564 764 3638 erit
780 3563 938 3638 alienum
952 3583 972 3636 a
988 3559 1155 3656 proposi

90 3675 132 3737 to
156 3664 199 3743 ad
222 3687 263 3739 ea
288 3664 474 3741 attendere
495 3686 573 3756 que
591 3662 701 3742 sunt
691 3683 729 3736 ru
744 3659 874 3739 Genesi
893 3659 1048 3753 scripta:
1075 3673 1154 3739 tres

90 3764 191 3844 viros
205 3763 250 3842 ad
261 3762 440 3843 Abraham
455 3763 595 3849 delatos
612 3761 683 3945 ειῖε
691 3759 986 3937 lorcomedllieert
1002 3757 1153 3930 suppanis

730 3884 755 3975 a
1072 3877 1119 3941 ιι.
