2498 4254
206 87 227 175 J
334 147 431 222 uu
482 136 940 231 oum-oua.
1097 176 1174 251 471

183 327 240 398 15.
265 308 321 383 At
347 310 372 384 fi
397 304 679 387 intell'ex‘erimus
710 314 794 404 quid
823 313 867 387 sit
896 315 1038 401 oratio,
1073 313 1173 391 forte

102 410 225 483 nuilus
257 432 414 502 unquam
445 415 589 508 genitus¹
621 413 900 504 autmundus,
938 434 979 485 ac
1010 434 1058 487 ne
1085 412 1173 489 Chri

100 505 176 583 stus
204 512 347 600 quidem
370 509 461 601 ipse,
489 510 548 583 sed
569 510 663 584 solus
689 511 789 583 Deus
810 514 972 586 omnium
991 511 1170 607 &.pater,

101 629 211 698 quem
225 609 299 702 ipse
318 611 426 683 etiam
444 610 612 682 Salvator
628 608 750 685 noster
772 614 920 702 orabat,
947 610 1103 703 utsupra
1121 612 1172 685 di·

99 709 239 812 ximus,
259 709 292 779 δι
308 730 414 800 quem
429 730 499 781 nos
516 730 619 782 orare
635 708 758 785 docet.
793 708 884 783 Cum
897 711 992 783 enim
1004 708 1170 784 audisset:

101 810 188 879 Doce
203 833 259 877 nes
273 834 382 895 orare,
409 830 487 881 non
498 806 646 905 seipsum
658 806 771 883 docet
788 830 911 900 orare,
931 807 989 882 sed
1032 822 1168 907 atrem,

60 980 64 986 ,
101 906 286 981 dicentes:
299 907 402 982 Pater
415 909 523 998 nitier,
538 915 633 1003 quies
644 914 680 979 in
691 906 987 999 celis,&ruliqua.‚
1007 832 1042 979 gi
1055 904 1167 1003 enim,

99 1018 144 1077 ut
172 1009 253 1101 aiibi
276 1010 474 1099 probatur,
510 1008 598 1081 alius
619 1020 758 1103 apatre
781 1004 874 1081 filius
898 1004 949 1079 est
971 1005 1168 1081 secundum
1233 1034 1243 1086 ,·

99 1102 328 1179 substantiam
345 1105 379 1178 &
395 1104 632 1199 suppositum,
661 1118 723 1181 aut
739 1108 897 1180 orandus
921 1103 972 1179 est
990 1102 1105 1198 filius,
1131 1104 1168 1179 &

98 1224 180 1275 nou
201 1212 333 1295 pater,
367 1219 429 1276 aut
448 1223 622 1300 uterque,
655 1221 717 1279 aut
736 1218 839 1301 patet
856 1205 963 1280 solus.
986 1248 990 1255 ψ
1014 1198 1167 1278 Atenim

98 1298 214 1375 filium
234 1305 410 1377 orandum
437 1302 507 1377 effe
530 1304 603 1379 sine
625 1318 867 1399 pauentum
890 1324 968 1393 non
993 1300 1166 1377 fatebitur

100 1400 334 1477 absurdissime
367 1402 401 1476 ἀ
433 1417 563 1496 prater
595 1404 816 1479 evidentiam
848 1401 980 1479 <uuum
1012 1404 1066 1478 iri.
1127 1401 1166 1475 Si

99 1511 254 1593 uterque
275 1503 430 1575 orandus
448 1500 519 1596 est,
544 1505 692 1598 planum
716 1502 767 1575 est
779 1504 907 1596 plurali
923 1521 1077 1577 numero
1092 1522 1164 1577 uos
1210 1570 1212 1578 ,

96 1613 336 1693 precaturos,
363 1600 561 1699 &prabete,
589 1602 782 1693 benefacite,
806 1603 992 1695 largimini,
1014 1604 1164 1691 seruate,

77 1698 162 1769 'vel
187 1701 272 1789 quid
297 1701 409 1777 simile
432 1702 573 1777 orando
598 1700 775 1779 ditatos:
806 1702 919 1798 Quod
941 1722 1023 1775 cum
1042 1698 1163 1791 perse

95 1794 211 1889 ipsum
230 1820 307 1872 non
327 1803 552 1894 conveniat,
578 1802 706 1875 necin
729 1799 913 1895 scripturis
936 1798 1077 1873 ostendi
1096 1801 1163 1893 poss

97 1893 170 1975 test
183 1896 338 1989 positum
357 1900 427 1975 effe
452 1914 494 1985 ut
520 1902 564 1973 ab
588 1901 710 1993 aliquo
731 1896 875 1977 ditium.
925 1897 1050 1973 Restat
1074 1917 1162 1995 erga

96 2006 141 2065 ut
154 2011 278 2068 oretur
294 1998 388 2072 solus
406 1998 508 2073 Deus
524 1998 774 2073 universorum
791 2013 914 2093 pater,
938 2010 975 2070 at
989 2017 1068 2071 non
1086 1994 1162 2073 stne

93 2092 275 2189 pontifice
299 2101 360 2189 qui
385 2099 527 2193 abipso
552 2113 654 2195 patre
677 2119 759 2173 cum
776 2096 1010 2191 jurejurando
1030 2093 1163 2169 consti·

95 2204 198 2265 tutus
220 2194 289 2286 est,
310 2199 414 2288 juxta
436 2197 543 2273 illud:
574 2202 717 2295 Juravit
737 2194 775 2273 (5
795 2221 860 2268 nan
880 2196 1045 2293 penitebit
1068 2219 1159 2285 eum,

94 2309 135 2363 tu
156 2319 186 2362 es
196 2294 335 2383 fiuerdes
354 2304 391 2367 in
411 2317 563 2371 eternum
572 2302 743 2389 secuudum
762 2299 900 2368 ordinem
920 2294 1160 2383 Melchisedech.

95 2390 189 2465 Cum
222 2395 329 2491 igitur
363 2395 471 2470 santii
500 2401 538 2472 in
566 2398 635 2471 suis
662 2397 889 2471 orationibus
915 2397 1044 2491 gratias
1070 2392 1158 2468 Deo

92 2504 227 2586 agunt,
255 2517 313 2568 eas
334 2518 399 2591 per
423 2496 599 2573 Christum
616 2496 735 2594 Jesum
754 2495 818 2591 ipii
835 2494 1009 2574 referunt.
1056 2491 1160 2567 Sicut

93 2602 216 2663 autem
241 2615 323 2671 eum
348 2598 409 2689 qui
426 2598 572 2691 proprie
592 2616 696 2670 orare
720 2598 820 2679 uult,
848 2615 927 2669 non
946 2594 1184 2682 decetaeeum,

93 2710 199 2762 orare
214 2696 273 2782 qui
293 2709 393 2788 orat,
419 2692 478 2767 sed
499 2718 582 2770 eum
600 2717 708 2788 quem
730 2694 957 2768 orationibus
981 2697 1159 2765 invocati·
1243 2756 1246 2761 .

91 2787 178 2861 dum
204 2790 332 2864 docuit
354 2791 454 2887 Jesus
473 2794 597 2869 noster
616 2792 820 2885 Dominus,
845 2813 978 2886 nempe
996 2802 1157 2883 patrem:

89 2886 139 2969 stc
152 2908 229 2960 non
242 2890 291 2962 est
308 2894 379 2963 ulia
396 2895 516 2967 oratio
526 2895 617 2987 patri
628 2892 702 2964 sine
717 2890 796 2985 ipso
815 2888 1015 2965 offerenda.
1042 2886 1157 2985 Quod
1226 2982 1227 2987 Ν

91 2983 338 3082 ostenditipse
358 2988 544 3084 perspicue
570 3011 653 3081 caup
678 2990 725 3065 stc
743 2992 809 3063 ait:
833 2995 956 3082 Amen,
980 3010 1072 3059 amm
1089 2989 1156 3060 dice

89 3085 204 3174 vebis,
227 3090 260 3178 st
284 3093 358 3185 quid
379 3096 536 3186 petieritis
557 3108 681 3187 patrem
695 3143 709 3182 ,
723 3151 727 3157 .
742 3088 830 3163 datu
853 3088 940 3161 uobis
965 3092 1004 3159 in
1028 3090 1156 3160 nomine

88 3208 165 3257 meo.
237 3192 339 3285 Usque
378 3193 462 3263 modo
501 3216 567 3263 nou
595 3190 716 3288 petistis
749 3191 919 3288 quidquam
957 3191 995 3258 in
1025 3190 1155 3259 nomine

87 3310 153 3357 meo
166 3307 181 3371 ς
212 3294 313 3383 petite
338 3286 377 3367 δ’
402 3295 581 3385 accipietii,
616 3305 654 3363 ut
680 3292 829 3383 gaudium
855 3287 992 3383 vestrum
1016 3286 1063 3383 fit
1085 3286 1151 3383 ple·

86 3410 180 3466 num.
231 3387 322 3461 Non
340 3390 437 3463 enim
455 3391 563 3462 dixit:
588 3389 795 3485 patiturne,
820 3408 939 3481 neque
957 3386 1072 3481 petite
1091 3408 1153 3480 pa·

87 3495 181 3559 trem
210 3484 436 3581 simplicitet,
468 3488 529 3563 sed
549 3489 575 3584 ᾗ
600 3488 677 3588 quid
702 3492 864 3584 petieritis
883 3504 1008 3584 patrem
1032 3490 1073 3569 iu
1095 3511 1151 3587 uo·

87 3587 172 3653 mine
196 3610 259 3657 meo
284 3587 372 3660 dabie
387 3588 494 3681 'vobit
553 3588 649 3663 Nam
675 3586 797 3661 donec
823 3584 887 3661 ista
909 3584 1009 3681 Jesus
1036 3584 1150 3659 doce-

86 3696 171 3773 ret,
197 3705 307 3759 nemo
328 3709 347 3759 a
366 3700 468 3779 patre
488 3688 644 3783 petierat
664 3688 867 3761 innomine
889 3682 975 3779 filii,
1000 3695 1148 3774 eratque

85 3803 215 3858 verum
240 3784 339 3878 quod
355 3785 455 3885 Jesus
478 3786 644 3960 dicegat:
685 3789 788 3887 Usque
816 3788 902 3863 medo
934 3810 999 3858 non
1028 3783 1149 3950 pezius

365 3900 368 3905 ’
603 3908 675 3987 84
962 3957 967 3967 ,
1009 3906 1099 3977 ep«-
