2498 4254
84 224 159 311 tm
406 196 814 281 oaloants

80 384 179 465 suum
193 372 338 451 fatetur.
385 366 442 451 Ex
451 363 576 457 quibus
592 364 759 437 omnibus
776 363 813 435 in
827 360 922 460 hanc
932 356 1078 457 indagin

81 474 195 561 sensus
233 470 439 559 adducitur,
474 462 556 555 quia
591 463 698 537 alium
733 458 882 535 nesciat
899 476 1042 556 patrem

81 575 242 658 omnium
265 562 535 649 conditorem&
559 576 763 635 creatorem
782 562 913 637 Deum.

156 696 189 751 2.
215 670 378 769 Longum
391 662 492 739 eritfi
507 682 552 733 ex
567 662 735 735 omnibus
748 658 1032 758 Evangeliorum
1045 660 1078 733 lo

79 774 283 855 testimonia
313 780 586 861 congregem,
613 762 741 852 quibus
774 782 867 835 unus
904 775 1013 852 atque
1043 759 1078 831 id

80 879 184 957 Deua
204 872 288 967 legis
305 866 338 940 a
355 860 633 956 Evangeliorum
656 860 727 933 effe
748 860 934 935 doceatur.
988 858 1078 931 Cont

82 994 205 1079 gemus
230 984 344 1044 tamen
373 961 533 1038 breviter
559 960 666 1032 etiam
692 960 737 1033 de
762 960 912 1033 Ambus
939 956 1078 1052 Aposto

82 1096 182 1163 rum,
207 1068 267 1143 ubi
285 1062 479 1155 Stephanus
498 1056 532 1129 δι
552 1056 724 1151 Apostoli
740 1080 868 1151 preces
885 1056 960 1131 suas
981 1058 1078 1153 dirigi

83 1174 129 1249 ad
152 1188 232 1244 eum
255 1165 371 1238 Deum
397 1158 455 1250 qui
480 1154 570 1229 fecit
605 1161 733 1233 coelum
766 1160 979 1247 &terram,
1019 1156 1078 1230 &1

81 1275 224 1349 locutus
246 1259 296 1336 est
316 1280 380 1351 per
402 1279 443 1328 os
467 1253 667 1331 feodorum
692 1258 954 1351 Prophetarum
975 1253 1077 1327 suoru

80 1364 190 1463 ipsum
222 1360 380 1436 dicentes
413 1356 531 1431 Deum
558 1356 765 1451 Abraham,
804 1357 897 1431 lsaac
928 1356 963 1427 ἃ
999 1356 1078 1448 Jacc

80 1464 198 1543 Deum
230 1459 288 1552 qui
314 1456 436 1532 eduxit
461 1458 635 1547 populum
661 1455 760 1531 suum
786 1458 830 1531 de
855 1470 952 1530 terra
977 1454 1078 1551 AEgy]

81 1567 171 1663 Quae
204 1556 385 1631 sententie
415 1552 550 1628 sensum
584 1554 745 1630 nostrum
778 1554 1034 1630 evidentiffime
1067 1554 1078 1627 ί

81 1658 192 1739 dubio
212 1656 255 1731 ad
278 1656 451 1727 creatoris
477 1654 634 1751 dirigunt
658 1652 787 1750 fidem,
813 1658 847 1729 δι
873 1653 1037 1729 affectum
1062 1676 1078 1726 e

79 1754 304 1835 interamnis
321 1756 381 1845 qui
396 1755 472 1827 haec
487 1754 546 1849 pie
559 1754 603 1827 de
619 1777 666 1829 eo
681 1753 905 1847 fideliterque
920 1754 1075 1828 didiceru

79 1860 170 1935 ficut
193 1852 227 1927 a
251 1852 323 1945 ipse
349 1852 518 1938 Salvator
554 1876 635 1929 cum
659 1855 902 1951 interrogatus
929 1852 1016 1926 effet
1041 1874 1078 1943 qt

79 1954 282 2037 mandatum
305 1950 393 2025 esset
411 1954 602 2028 maximum
628 1956 788 2028 omnium
810 1956 847 2028 in
866 1956 970 2050 lege,
995 1950 1078 2045 refpt

80 2056 156 2149 ait,
181 2052 321 2125 dicens:
354 2056 472 2146 Diliges
496 2060 667 2125 Dominum
688 2060 791 2127 Deum
810 2072 901 2124 tuum
918 2080 956 2125 ex
979 2069 1044 2124 toto
1056 2078 1078 2123 ct

79 2172 155 2234 tuo.
203 2147 242 2225 6
254 2176 293 2220 cx
318 2168 386 2223 toto
409 2160 516 2224 anima
542 2170 618 2243 tua,
643 2155 681 2231 U
707 2181 747 2228 ex
760 2172 827 2227 tota
847 2170 950 2225 mente
969 2168 1036 2223 tum

79 2253 248 2333 midam
273 2266 336 2321 tem
349 2253 445 2337 limile
462 2254 500 2349 est
516 2255 610 2330 huic:
640 2258 762 2350 Diliges
771 2262 950 2351 proximum
967 2263 1078 2349 tuum]

80 2350 216 2449 teipsum.
268 2347 319 2421 Et
343 2352 399 2425 his
422 2352 573 2426 addidit:
609 2360 685 2453 qnia
702 2360 739 2425 in
763 2357 830 2449 ifiic
849 2356 963 2424 duodus
982 2355 1078 2423 mand

81 2468 150 2537 eota
169 2454 351 2542 ’1119111411
373 2450 413 2531 (Ἰ
427 2455 596 2550 propheta.
648 2456 849 2553 Quomodo
873 2474 962 2549 ergo
982 2454 1014 2526 ei
1039 2474 1078 2544 qe·

82 2546 267 2635 erudiebat
301 2563 409 2641 atque
443 2554 480 2626 in
518 2553 761 2647 discipulatum
794 2553 1078 2647 producebat‚l

83 2646 285 2742 mandatum
322 2664 407 2724 ante
443 2654 563 2727 omnia
596 2655 761 2727 mandata
792 2654 1042 2743 commendat,

109 2744 181 2829 uod
194 2743 266 2819 fine
280 2747 391 2821 dubio
407 2752 444 2824 in
457 2752 577 2824 Deum
590 2751 678 2848 legis
695 2754 769 2843 ejus
788 2752 1044 2825 conciliaretur
1059 2773 1078 2821 a

86 2782 183 2938 dat,
219 2865 266 2919 to
293 2850 391 2939 quod
416 2851 496 2944 ipfis
521 2852 575 2924 his
601 2852 723 2924 verbis
749 2853 826 2925 haec
853 2852 996 2924 fuerant
1022 2873 1043 2921 a
1066 2852 1078 2922 l

130 2944 303 3027 „xiicatai
335 2946 405 3021 Sed
430 2950 652 3023 concedatur
677 2951 892 3023 contrahas
919 2972 1048 3023 omnes
1073 2975 1078 3018 t

87 2974 293 3137 ffitidimas
317 3050 619 3143 approbationes,
650 3048 802 3142 quiade
827 3051 899 3123 alio
924 3050 1078 3123 nesciot

88 3157 172 3244 Deo
190 3142 285 3218 «dicat
299 3145 487 3221 Salvator:
526 3151 645 3243 Diliget
671 3153 843 3221 Dominum
874 3156 976 3221 Deum
998 3167 1078 3218 tuun

89 3271 176 3340 m,
199 3248 286 3317 corde
310 3264 387 3327 tuo,
420 3248 454 3320 ἃ
477 3250 613 3340 reliqua
633 3271 709 3341 quae
733 3248 937 3323 dictasunt.
986 3247 1038 3321 Et
1059 3271 1078 3339 q

89 3347 199 3442 ando
216 3344 313 3419 filex
332 3348 568 3443 &prophetae
587 3348 761 3421 creatoris
784 3347 863 3420 sunt
889 3347 979 3421 sicut
1000 3348 1078 3420 dien

92 3454 126 3537 id
144 3446 351 3528 attenctius
367 3447 676 3539 Deiptaetereum
691 3469 795 3539 quem
812 3449 861 3519 ait
875 3450 1035 3537 bonnm,
1063 3469 1078 3518 t

92 3554 274 3646 manenter
299 3544 428 3619 ditium
455 3544 639 3618 videbitur
664 3546 700 3617 id
729 3548 826 3638 quod
848 3546 1006 3637 addidit,
1033 3550 1078 3640 leg

94 3648 333 3748 &prophetas
350 3649 386 3717 in
403 3645 457 3717 his
479 3644 621 3717 duobus
641 3645 798 3737 pendere
815 3644 1018 3719 mandatis?
1047 3650 1078 3745 Q

93 3749 201 3836 mmo
221 3743 423 3837 cnimquod
447 3744 600 3817 alienum
624 3742 659 3816 a
680 3746 906 3841 peregrinum
929 3768 950 3817 a
969 3745 1057 3817 Deo

92 3849 261 3956 pudebit
280 3848 317 3925 in
336 3841 451 3921 Deot
474 3840 603 3917 Paulus
631 3855 751 3918 autem
775 3844 917 3920 dicens:
945 3850 1078 3919 Gratias

1033 3952 1078 4021 Dc

68 4077 88 4116 ‚⁴
