2498 4254
179 194 260 327 or
308 204 647 307 raructrrrs,
695 208 798 291 rm.
823 173 907 291 11(
971 214 1052 313 '¹39

68 370 203 447 itatem
222 392 332 447 exea
354 373 455 448 causa
472 394 576 467 quam
599 371 756 469 superius
786 374 958 470 diximus,
988 397 1053 470 pu·

68 474 112 545 lae
125 470 208 545 sunt
223 473 450 567 soncepilse,
476 477 615 547 varium
631 495 672 546 ac
692 474 868 549 diversum
881 477 1053 553 mundum

68 585 147 648 iret.
199 572 310 671 Quod
330 590 448 647 autem
468 575 607 647 varium
630 594 671 649 ac
688 572 865 651 diversum
880 576 1052 673 dicimus,

81 670 247 764 estquod
264 672 432 768 volumus
449 674 617 748 indicare.
825 688 832 701 '
1093 699 1097 705 ·

69 796 104 861 3.
130 768 310 845 Mundum
324 794 423 846 nunc
437 773 612 864 dicimus,
638 794 746 847 omne
762 772 862 867 quod
881 769 1053 865 estsuper

68 892 130 962 os,
158 872 220 943 vel
235 873 273 945 in
287 873 406 965 coelis,
433 876 491 947 vel
508 872 773 965 superterram,
800 874 862 945 vel
877 873 914 945 in
927 871 981 945 his
991 874 1053 963 qui

69 970 101 1041 ri
125 971 369 1064 appellantur,
395 974 456 1045 vel
482 993 711 1066 quaecumque
735 993 883 1065 usquam
906 970 1052 1063 prorsus

68 1066 192 1161 isunt,
220 1070 302 1143 &hi
320 1073 433 1164 quiin
452 1073 531 1167 ipsis
549 1074 677 1169 degere
693 1074 933 1146 nominantur.
974 1069 1054 1144 To-

68 1230 71 1241 .
101 1188 191 1265 ergo
217 1171 324 1261 hoc,
353 1172 504 1248 mundus
530 1187 697 1247 vocatur.
747 1172 791 1245 In
816 1192 890 1265 quo
913 1170 1051 1243 mundo

68 1267 154 1341 :dam
174 1267 340 1341 dicuntur
361 1269 429 1345 else
446 1270 722 1366 supercaelestia,
747 1271 783 1343 id
803 1270 873 1363 est,
899 1271 936 1343 in
956 1269 1054 1343 habi·

68 1366 193 1441 onibus
210 1370 430 1443 beatioribus
441 1372 573 1464 posta,
600 1372 635 1455 dr
652 1373 865 1466 corporibus
882 1369 1052 1451 caelestin-

68 1488 92 1539 ις
110 1488 154 1540 ae
166 1464 489 1559 splendentioribus
504 1472 646 1564 induta,
673 1471 756 1543 &in
770 1470 825 1543 bis
843 1470 922 1561 ipsis
931 1471 1052 1543 multa

68 1566 207 1641 erentiae
232 1566 496 1645 ostenduntur:
525 1571 615 1645 ficut
639 1570 764 1668 (verbi
796 1567 917 1667 causa)
944 1572 1053 1643 etiarn

68 1664 194 1739 ›stolus
214 1666 321 1760 dicit,
356 1669 457 1760 quod
471 1674 537 1742 alia
551 1672 596 1766 fit
614 1674 716 1764 gloria
740 1673 835 1759 solis,
861 1672 928 1741 alia
950 1671 1052 1755 luna,

80 1767 181 1859 gloria
199 1767 374 1864 fissorum:
390 1770 478 1864 stella
503 1776 587 1841 enim
610 1798 631 1841 a
646 1771 735 1867 ftalla
759 1770 865 1860 differt
880 1773 918 1841 in
939 1768 1053 1863 gloria,

68 1864 167 1939 adam
192 1887 286 1939 vero
311 1881 454 1943 terrena
480 1870 665 1960 dicuntur,
701 1869 735 1940 &
760 1870 855 1941 inter
870 1866 951 1961 ¹ipsa
973 1888 1052 1941 non

68 1986 108 2037 va
137 1963 191 2039 est
217 1965 444 2061 differentia,
479 1969 514 2041 id
549 1968 617 2059 est,
644 1969 738 2041 inter
771 1968 962 2041 homines:
994 1967 1054 2041 alii

68 2084 147 2157 tque
168 2072 295 2139 eorum
319 2066 487 2161 barbari,
514 2070 571 2141 alii
593 2067 734 2141 Graeci:
761 2066 1052 2140 &Barbarotum

68 2162 136 2237 lam
164 2164 333 2239 immanes
361 2170 395 2239 dr
419 2168 508 2260 feri,
534 2169 590 2241 alii
615 2169 787 2242 mitiores.
834 2163 885 2238 Et
908 2166 1054 2259 quidam

68 2262 138 2335 lem
153 2266 291 2359 legibus
313 2268 560 2358 probatissimis
578 2280 753 2358 utuntur,
781 2264 838 2337 alii
859 2266 1050 2339 vilioribus

72 2362 325 2455 asperioribus,
353 2367 409 2438 alii
427 2388 573 2460 quoque
586 2366 786 2440 inhumanis
799 2365 967 2449 &ferinis
981 2386 1054 2439 ma·

68 2462 227 2535 moribus
250 2486 355 2557 quam
374 2467 510 2562 legibus
531 2479 693 2541 utuntur.
744 2464 794 2537 Et
816 2464 958 2556 quidam
976 2465 1053 2557 qui-

68 2560 207 2635 istatim
229 2564 273 2636 ab
298 2564 405 2637 initio
432 2566 629 2639 nativitatis
656 2565 723 2637 suae
741 2564 990 2655 humiliantur,
1016 2564 1054 2637 dt

70 2658 137 2733 eui
156 2658 256 2754 sunt,
287 2684 329 2735 ac
343 2662 518 2737 serviliter
536 2665 754 2756 educantur,
780 2664 842 2735 vel
857 2661 920 2738 sub
938 2663 1054 2737 dorni·

68 2820 70 2839 ‚
90 2760 153 2833 vel
171 2758 233 2832 sub
249 2763 468 2856 principibus
484 2764 608 2859 positi,
635 2764 698 2836 vel
709 2763 894 2857 tyrannis,
919 2763 1053 2837 aliive·

68 2858 196 2933 iberius
218 2859 514 2937 &rationabilius
532 2864 754 2955 educantur,
788 2861 846 2935 alii
861 2860 950 2935 sanis
971 2880 1054 2936 cor·

68 2960 164 3051 ibus,
189 2962 354 3039 nonnulli
384 2962 483 3059 aegris
514 2961 630 3037 statim
656 2985 677 3036 a
700 2962 813 3056 prima
838 2974 966 3053 etate,
992 2960 1054 3035 alii

68 3112 92 3149 .,
119 3059 178 3129 alii
197 3058 369 3135 auditu&
390 3083 488 3137 voce
508 3061 671 3154 decepti,
696 3061 861 3133 nonnulli
884 3060 935 3133 ita
948 3060 1052 3153 nati,

68 3156 183 3231 statim
199 3158 281 3252 post
305 3162 531 3234 nativitatem
550 3160 798 3253 huiuscemodi
817 3160 969 3233 sensibus
992 3158 1053 3235 de·

68 3257 170 3350 dati,
196 3262 258 3331 vel
276 3272 374 3334 certe
383 3262 455 3353 jam
476 3260 596 3333 adulta
612 3274 716 3333 aetate
731 3259 801 3332 tale
814 3260 945 3353 aliquid
958 3258 1052 3353 pals.

68 3357 145 3448 quid
162 3355 273 3429 refert
288 3362 484 3432 revolvere
498 3383 555 3433 me
574 3381 699 3433 omnes
720 3372 827 3450 atque
845 3372 1053 3435 enumerare

68 3476 223 3529 tanarum
244 3457 359 3532 clades
385 3458 625 3551 miseriarum,
654 3458 818 3549 aquibus
841 3459 899 3531 alii
924 3460 1052 3549 liberi,

68 3555 225 3629 involuti
242 3554 340 3647 sunt,
368 3578 448 3631 cum
460 3558 567 3650 polsrt·
579 3560 823 3651 unusquisque
840 3558 945 3633 etiam
959 3556 1053 3653 apud

68 3653 215 3747 etipsum
232 3657 452 3730 considerare
474 3658 518 3731 de
542 3659 596 3731 his
612 3657 752 3753 singulis
777 3669 884 3750 atque
901 3680 1053 3752 perpen-

68 3753 105 3827 εἳ
143 3752 290 3825 Sunt&
312 3756 471 3849 quaedam
493 3756 687 3830 invisibiles
708 3758 888 3849 virtutes,
923 3758 1051 3853 quibus

87 3852 344 3949 superterram
368 3854 470 3953 sunt,
500 3854 730 3957 dispensanda
753 3854 1066 4036 eommlsaiugtq
