2498 4254
193 116 319 226 'or
368 134 707 253 immerens,
757 144 952 230 maru.
1054 100 1170 251 39'7«

55 395 62 407 ⁶
96 368 100 373 -
139 334 196 408 33.
222 311 272 385 Et
292 278 409 405 primo
435 311 577 404 quidem
599 310 776 384 sciendum
798 310 969 404 estquod
991 335 1126 391 nomen

60 409 174 509 ipsum
191 416 347 486 materiae
363 433 432 504 pro
455 435 495 484 ea
510 410 699 484 substantia
717 434 793 502 quae
811 407 944 505 subesse¹
964 417 1125 508 corpori·

61 514 129 588 bus
149 514 301 604 dieitur,
328 513 481 604 pofitum
496 512 533 584 in
549 510 728 604 scripturis
749 512 937 585 canonicis?
950 537 1125 606 nusquam
1233 494 1247 523 '¹

60 635 176 705 usque
201 613 245 685 ad
265 609 414 705 praesens
430 611 646 686 invenimus.
698 611 790 685 Illud
812 615 905 685 enim
922 617 1019 706 quod
1038 615 1125 689 dicit
1217 630 1222 643 “

56 710 197 791 Esaias:
231 715 276 784 Et
294 715 425 781 comedet
436 713 517 806 ficut
533 712 660 802 sonum
679 711 773 789 ὑλκν,
800 712 836 783 id
855 711 904 785 est
919 715 1122 789 materiam:

60 815 184 888 dicens
206 810 251 893 de
267 811 322 905 eis-
337 812 397 903 qui
417 811 455 882 in
477 806 654 906 suppliciis
682 810 866 884 constituti
886 808 985 906 sunt,
1012 829 1123 887 mate·

56 914 148 989 riam
166 911 286 1006 posuit
301 932 370 1004 pro
390 914 560 1006 peccatis.
601 910 681 1021 'Sed
707 910 863 984 &sicetbi
880 913 917 984 in
940 916 1010 987 alio
1033 916 1126 989 loco

60 1004 230 1106 scriptum
250 1012 348 1084 sorte
372 1012 527 1084 materiae
543 1032 678 1084 nomen
702 1009 779 1104 est,
804 1033 977 1103 nusquam
994 1029 1035 1085 ut
1052 1036 1122 1110 ego

65 1115 222 1184 arbitror
244 1113 317 1184 hoc
340 1105 384 1183 de
403 1133 476 1202 quo
500 1133 596 1183 nunc
614 1113 796 1204 querimus
812 1108 1006 1207 significare
1022 1108 1124 1187 invess

58 1213 266 1304 nietur,nis1
276 1211 528 1284 tantummodo
544 1211 583 1284 in
597 1212 775 1304 Sapientia
785 1233 860 1302 quae
880 1213 1009 1286 dicitur
1023 1214 1123 1306 Salo

61 1314 195 1405 monis,
211 1313 269 1402 qui
287 1312 411 1401 utique
427 1311 604 1384 libernon
617 1314 659 1384 ab
677 1312 842 1383 omnibus
862 1311 1124 1388 inaudoritate

61 1413 227 1498 habetur.
277 1408 333 1483 Ibi
357 1408 658 1504 tamenscriptum
674 1410 876 1484 invenimus
900 1413 973 1486 hoc
996 1415 1121 1490 modo,

62 1516 147 1586 Non
161 1517 267 1598 venim,
299 1511 438 1608 inquit,
475 1513 580 1582 deerat
605 1517 816 1608 omnipotenti
834 1519 947 1582 manui
971 1529 1033 1585 rua
1056 1540 1123 1612 quae

61 1630 227 1685 creaverat
239 1611 391 1709 mdndum
408 1612 597 1704 egc'informi
613 1617 766 1700 materia,
794 1616 965 1683 immittere
983 1618 1028 1684 eis
1045 1616 1125 1684 mul·

62 1716 234 1786 titudinem
250 1712 408 1802 ursorum,
435 1715 487 1780 vel
497 1713 739 1803 ferocesleoucs.
793 1712 1056 1883 (guamplurim'i
1076 1714 1131 1787 sad

62 1836 110 1887 ne
124 1827 252 1906 putant
266 1832 385 1885 rerum
400 1810 507 1903 ipsam
522 1812 705 1901 materiam
717 1812 801 1908 signi
833 1815 903 1885 cari
914 1814 951 1885 in
965 1835 1010 1886 eo
1024 1813 1123 1905 quod

64 1913 103 1985 in
122 1911 297 2005 principio
316 1910 462 1984 Genesis
478 1910 646 2004 scriptum
666 1911 716 1984 est
734 1935 754 1984 a
769 1912 919 2004 Moyse:
948 1919 988 1985 Io
1004 1918 1125 2009 princi·
1191 1998 1196 2009 ι

58 2019 114 2112 pio
120 2013 203 2104 fecit
226 2017 311 2083 Deus
328 2014 433 2082 colum
445 2014 483 2087 (5
499 2033 637 2098 terram,
666 2030 752 2082 terro
769 2029 873 2082 autem
886 2031 957 2083 erar
975 2016 1126 2110 iooifibi‘·
1176 2034 1179 2039 ·

63 2117 106 2186 lis
123 2112 164 2190 st
184 2113 390 2208 incompoſsta.
448 2110 663 2184 Invifibilem
681 2134 832 2204 namque
854 2113 887 2185 ἃ
909 2114 1131 2206 incomposs-

63 2228 137 2287 tam
154 2226 285 2301 terram
298 2233 373 2285 non
391 2213 485 2285 aliud
499 2213 548 2284 eis
564 2211 713 2304 Moyses
732 2234 835 2305 quam
849 2213 1041 2307 informem
1054 2236 1125 2307 ma

62 2314 189 2388 teriam
202 2312 296 2384 visus
313 2312 363 2387 est
377 2313 544 2387 indicare.
598 2314 709 2411 Quod
723 2314 748 2385 sr
760 2333 847 2385 vere
860 2314 935 2385 haec
952 2314 1002 2386 est
1015 2330 1126 2388 mate-

61 2416 141 2509 ria,
175 2412 316 2486 constat
347 2413 478 2486 exinde
501 2413 796 2486 inconvertibilia
826 2435 903 2486 non
930 2413 1005 2487 else
1024 2415 1127 2489 initia
1167 2426 1169 2431 “

62 2533 273 2607 corporum.
325 2510 420 2585 Nam
440 2514 476 2585 hi
493 2515 553 2604 qui
568 2528 710 2585 atomos
727 2569 739 2607 ,
767 2515 828 2584 vel
846 2537 888 2586 ea
905 2537 981 2606 que
994 2515 1030 2586 in
1046 2535 1126 2606 par·

29 2669 30 2672 ,
63 2628 120 2687 tes
137 2614 263 2687 venire
281 2633 358 2685 non
375 2611 543 2706 possunt,
570 2615 631 2685 vel
648 2635 689 2685 ea
704 2635 779 2704 quae
790 2616 827 2685 in
841 2618 990 2705 aquales
1004 2629 1125 2706 partes
1156 2666 1159 2671 -

63 2715 248 2805 veniunt,
282 2715 344 2784 vel
364 2735 476 2785 unum
498 2712 643 2805 aliquod
665 2715 880 2786 elementum
906 2736 1025 2786 rerum
1045 2735 1128 2787 cor·

62 2814 243 2909 poralium
266 2814 440 2908 principia
456 2811 682 2906 posuerunt,
714 2835 849 2886 nomen
872 2815 1055 2905 materiae,
1080 2810 1127 2903 *id
1156 2884 1159 2889 .

65 2913 118 2988 est
137 2912 234 3004 quod
249 2912 493 3006 principaliter
506 2915 687 2985 materiam
703 2909 895 3007 significat,
921 2915 1015 2985 inter
1030 2913 1128 3004 prin·
1153 2986 1156 2993 ,

65 3014 160 3106 cipia
174 3011 418 3087 statuerenon
437 3026 646 3104 potuerunt.
697 3011 827 3104 Neque
847 3015 938 3085 enim
958 3035 1038 3085 cum
1056 3035 1127 3085 ma·

63 3114 192 3186 teriam
215 3109 404 3204 subjiciunt
424 3112 522 3184 omni
546 3113 693 3204 corpori
718 3133 782 3208 per
801 3114 921 3184 omnia
943 3112 1128 3184 converti·
1240 3128 1247 3153 ·

62 3210 419 3289 bilemsubstantiam
438 3212 498 3284 vel
511 3212 716 3284 mutabilem
734 3216 792 3285 vel
814 3213 1043 3303 divisibilem,
1068 3220 1129 3287 ex-

65 3329 123 3386 tra
142 3313 329 3405 qualitates
346 3335 423 3384 eam
442 3309 633 3384 secundum
649 3315 908 3405 proprietatem
927 3311 1128 3403 subjicient.

29 3414 32 3421 '
68 3412 210 3512 Quibus
226 3414 332 3485 etiam
351 3434 419 3484 nos
437 3409 710 3505 acquiescimus,
738 3415 797 3503 qui
814 3413 912 3484 omni
925 3433 1055 3508 genere
1069 3413 1130 3485 ab·

65 3513 207 3586 nuimus
224 3511 416 3608 ingenitam
431 3515 494 3584 vel
509 3510 675 3584 infodiam
695 3510 765 3584 dici
782 3512 962 3585 materiam
977 3512 1130 3607 debere,

67 3610 259 3687 secundum
272 3611 348 3684 hac
365 3634 440 3703 quae
451 3612 487 3685 in
497 3612 678 3704 prioribus
694 3630 805 3704 prout
815 3613 997 3707 potuimus
1013 3612 1130 3685 osten·

68 3711 206 3806 dimus,
233 3733 314 3786 cum
333 3713 438 3785 etiam
457 3735 501 3785 ex
521 3734 633 3805 aqua,
661 3710 833 3806 &terra‚
861 3732 966 3806 aere,
993 3714 1055 3784 vel
1075 3734 1137 3803 ca·¹

67 3813 176 3908 lore,
202 3832 276 3914 per
289 3809 426 3888 diversa
448 3811 615 3913 arborum
637 3834 769 3913 genera
794 3809 955 3890 diversos
978 3810 1131 3905 ostendi·

1008 3929 1101 3984 mua
