2498 4254
248 132 328 213 nrt
376 72 932 233 rnmcm11s4t1n1t
1047 134 1116 216 161

80 296 217 375 sationis
235 320 363 374 eorum
393 320 470 394 quae
500 298 539 373 in
568 318 650 373 aere
684 311 876 394 geruntur,
911 298 1116 395 agnoscant.

79 400 176 517 Quod
189 413 309 474 autem
323 396 394 473 dlxi
405 400 589 490 utriusque
602 397 714 491 modi,
740 398 814 471 hoc
827 397 895 471 est:
921 400 1025 471 verbi
1039 421 1117 496 gra-

76 512 137 593 na,
167 520 249 575 cum
273 500 311 572 in
336 502 439 571 terris
467 498 640 591 essemus,
666 497 818 571 vidimus
844 498 906 570 vel
930 498 1127 595 animalia„
1164 552 1168 559 -

73 601 124 673 vel
139 602 308 692 arbores,
335 597 369 671 dc
387 597 604 672 differentias
621 616 747 670 eorum
765 594 1029 691 prospeximus,
1056 597 1117 673 sed
1147 626 1149 631 ’

73 696 351 772 &diversitatem
368 698 657 793 quamplurimam
671 697 764 770 inter
778 695 961 769 homines:
987 718 1117 772 verum

70 796 224 871 videntes
250 798 351 890 hac,
388 798 565 871 rationem
580 815 716 871 eorum
739 817 815 868 non
852 797 1115 891 intelleximus,

68 892 118 969 sed
136 898 210 971 hoc
231 897 495 969 nobistantum
514 917 559 969 ex
580 893 652 989 ipsa
678 916 782 988 quam
801 895 955 968 vidimus
971 894 1117 970 diversi·

69 1006 132 1069 tate
155 994 352 1093 suggestum
380 995 449 1088 ell,
474 1010 517 1067 ut
540 994 805 1087 inquiramus&
829 992 1114 1089 perscrutemur,

68 1114 127 1187 qua
148 1096 295 1169 ratione
317 1094 380 1167 ista
406 1097 526 1167 omnia
551 1095 612 1166 vel
644 1092 781 1167 diversa
803 1091 940 1168 fuerint
969 1107 1115 1189 creata,

68 1195 120 1267 vel
139 1196 246 1291 uarie
279 1192 545 1288 dispensentur,
579 1191 613 1266 dc
647 1207 830 1287 concepto
857 1195 896 1265 in
921 1195 1026 1265 terris
1052 1195 1117 1266 hu·

68 1290 256 1382 lurcemodi
290 1294 480 1389 agnitionis
513 1292 575 1365 vel
603 1290 748 1386 studio,
780 1295 841 1365 vel
874 1313 1023 1385 amore,
1057 1292 1116 1365 da·

68 1390 151 1465 bitur
175 1394 285 1465 nobis
311 1391 392 1485 post
417 1394 551 1465 exitum
577 1391 683 1464 etiam
708 1392 871 1488 cognitio
901 1392 977 1486 eius
1002 1391 1039 1464 &
1062 1392 1116 1465 in·

68 1492 274 1589 telligentia:
306 1492 330 1565 sr
365 1507 485 1565 tamen
508 1512 565 1564 res
590 1490 767 1586 procedat
791 1512 837 1564 ex
861 1504 970 1566 voto.
1022 1490 1117 1566 Cum

68 1608 142 1687 ergo
159 1591 536 1687 comprehenderimus
555 1592 694 1686 integre
711 1591 786 1683 ejus
801 1592 999 1685 rationem,
1026 1605 1116 1663 tunc

68 1702 213 1783 unoque
247 1690 359 1763 modo
394 1690 738 1784 comprehendemus
772 1711 814 1763 ea
850 1711 929 1782 quae
959 1689 1144 1763 vidimus¹

68 1784 158 1881 super
189 1802 332 1864 terram.
390 1786 481 1862 Tale
513 1809 601 1885 ergo
636 1787 767 1879 aliquid
797 1789 905 1861 etiam
935 1788 981 1863 de
1011 1810 1117 1862 aerea

68 1882 136 1961 sede
160 1887 350 1962 dicendum
376 1886 436 1963 est„
487 1888 583 1959 Puto
608 1888 703 1960 enim
728 1887 827 1978 quod
852 1885 957 1959 saum
983 1888 1116 1980 quique
1224 1946 1227 1955 .

69 1982 276 2061 discedentes
297 1986 341 2060 de
362 1987 428 2060 hac
451 1987 529 2059 vita
549 1987 811 2080 permanebunt
830 1986 867 2057 in
888 1986 975 2057 loco
993 1988 1115 2077 aliquo

68 2082 206 2161 interra
224 2086 369 2180 posito,
397 2108 501 2177 quem
520 2084 715 2179 paradisum
730 2085 817 2157 dicit
833 2082 1005 2180 scriptura
1024 2084 1117 2157 divi·

68 2202 122 2278 na,
144 2188 249 2259 velut
262 2187 301 2257 in
319 2186 475 2277 quodam
495 2186 705 2258 eruditionis
727 2186 837 2277 loco,
856 2184 912 2277 dt,
939 2198 980 2255 ut
992 2183 1044 2257 ita
1064 2183 1115 2257 di·

68 2286 187 2379 xerim,
210 2285 392 2359 auditorio
409 2286 470 2357 vel
488 2283 610 2357 schola
627 2285 819 2356 animarum
833 2286 871 2356 in
886 2304 959 2375 quo
975 2283 1021 2356 de
1037 2304 1116 2357 om·

68 2384 157 2457 nibus
173 2386 230 2459 his
250 2406 328 2477 quac
340 2386 379 2457 in
393 2385 498 2457 terris
519 2384 709 2475 viderant,
736 2381 958 2476 doceantur,
983 2383 1114 2455 indicia

68 2500 201 2579 quoque
226 2483 386 2578 quadam
411 2484 586 2576 accipiant
611 2483 717 2556 etiam
743 2482 787 2555 de
813 2481 1114 2573 consequentibus

70 2580 272 2676 duumuir,
309 2583 399 2656 srcur
421 2584 459 2654 in
484 2585 551 2655 hac
574 2602 723 2677 quoque
747 2583 825 2653 vita
849 2581 955 2675 positi
981 2581 1114 2655 indicia

69 2684 213 2773 nodam
230 2683 458 2775 futurorum,
482 2682 569 2755 licet
587 2702 651 2775 per
664 2680 844 2773 speculum
861 2680 1114 2775 &aenigmata,

69 2788 171 2857 umen
191 2783 371 2875 exaliqua
388 2796 489 2875 parte
508 2793 776 2875 conceperant,
802 2800 880 2873 quac
897 2776 1113 2855 manifestius

68 2878 248 2957 &lucidius
260 2880 382 2953 fandis
397 2881 435 2953 in
444 2880 510 2953 suis
526 2879 703 2953 uelocis&
714 2881 938 2975 temporibus
949 2880 1114 2951 revelan-
1180 2964 1182 2969 Ι
1202 2890 1206 2895 ’

68 2988 123 3059 tn.
147 2980 186 3055 Si
205 2982 282 3074 quis
299 2978 381 3052 sane
396 2980 549 3053 mundus
566 2979 697 3071 corde,
725 2978 894 3071 &purior
906 2989 1050 3071 mente,
1077 2976 1113 3048 dt
1144 2996 1147 3004 ·

68 3082 288 3155 exercitatior
302 3077 401 3152 sensu
417 3078 545 3171 suerit,
565 3078 730 3152 velocius
745 3074 954 3172 proficiens,
974 3076 1049 3148 cito
1067 3075 1112 3149 ad

68 3182 142 3253 retis
157 3182 282 3254 locum
300 3177 485 3270 ascendet,
511 3178 601 3251 &ad
615 3178 782 3249 carlorum
801 3196 909 3272 regna
923 3176 1113 3269 perveniet

68 3300 117 3373 per
133 3282 304 3354 locorum
319 3278 558 3371 singulorum,
584 3291 624 3349 ut
634 3278 686 3351 ita
697 3277 866 3368 dixerim,
891 3275 1112 3350 mansiones:

68 3396 138 3473 quas
155 3377 431 3470 eranquidam
449 3375 611 3469 sphaeras,
635 3376 740 3448 idest
758 3376 888 3470 globos
909 3374 1111 3469 appellave-

68 3492 158 3572 ¹unt,
185 3476 360 3569 scriptura
375 3496 467 3548 vero
491 3478 613 3549 divina
634 3478 740 3548 caelos
762 3475 944 3562 nominat3
975 3474 1013 3546 in
1033 3474 1112 3567 qui-

68 3600 119 3653 rus
126 3578 270 3674 smgulis
286 3577 403 3672 primo
417 3576 559 3667 quidem
573 3570 762 3669 perspiciet
778 3596 819 3646 ea
832 3594 910 3667 quae
921 3573 970 3645 ibi
983 3594 1110 3669 gerun-

68 3699 134 3773 ur,
165 3676 325 3751 secundo
348 3694 441 3748 vero
468 3677 573 3749 etiam
595 3675 773 3749 rationem
805 3693 915 3766 quare
940 3684 1108 3769 gerantur

68 3777 240 3879 gnoscet:
266 3775 303 3848 dr
321 3776 370 3848 ita
384 3794 448 3870 per
465 3777 629 3851 ordinem
649 3772 866 3873 digredietur
880 3772 1032 3870 liugada,
1057 3766 1108 3842 se·

103 3883 255 3975 origenis
281 3870 370 3955 Tou.
395 3877 459 3951 ΙΙΙ.
592 3877 627 3954 l.
950 3888 1073 3969 osseus

1015 4151 1030 4195 l'
