2498 4254
329 121 426 199 DE
477 120 949 203 ORATIONE.·
1087 149 1161 243 54]

95 286 286 362 hominum
314 288 436 385 generi
462 307 505 360 ea
527 285 683 378 debere,
718 306 796 377 quar
818 284 991 381 sapientia
1021 309 1110 385 nos,
1136 290 1163 367 ss

96 390 335 479 voluerimus,
361 388 523 461 docebit.
575 384 708 459 Praeter
724 387 937 460 haecomnia
955 395 1161 489 quemagis

97 486 141 559 ad
161 485 350 561 universos
368 488 579 580 pertinent,
600 484 652 559 est
672 486 819 577 aliquod
841 486 1001 560 debitum
1024 490 1162 583 viduae,

97 585 197 676 cujus
217 585 366 659 ecclefia
383 605 504 659 curam
517 586 624 681 gerit:
651 588 738 661 item
756 587 851 658 aliud
872 586 1038 682 diaconi,
1065 591 1162 665 aliud

91 687 313 779 presbyteri:
340 684 500 781 episcopi
515 686 672 777 denique
687 686 847 759 debitum
858 684 1092 783 graviffimum
1109 687 1162 764 est

96 782 247 875 quodni
259 783 449 878 reddatur,
471 784 772 879 judiciorepetet
787 787 901 858 totius
920 785 1077 861 ecclelia
1089 789 1163 863 Sal·

96 895 215 958 vator.
266 884 345 980 Jam
365 904 456 958 vero
472 880 674 977 Apostolus
689 904 883 959 commune
898 886 1079 977 quoddam
1093 888 1162 963 viri

95 984 325 1077 mulierisque
343 983 504 1058 debitum
524 985 754 1077 nominavit,
782 1005 863 1057 cum
880 987 948 1057 ait:
984 990 1086 1058 Uxori
1103 993 1161 1060 vir

93 1081 233 1153 debitum
253 1085 382 1159 reddat:
397 1084 551 1181 fimiliter
569 1100 674 1156 aurem
690 1083 729 1161 U
747 1102 828 1155 uxor
843 1094 928 1163 uiro,
979 1083 1029 1158 Et
1044 1084 1162 1161 addite

95 1175 379 1277 Mlite'froudare
396 1189 545 1258 invicem.
596 1182 696 1280 Quid
713 1197 832 1258 autem
849 1204 908 1258 me
929 1182 1023 1281 opus
1039 1182 1091 1259 est
1110 1178 1163 1261 ¹ds·

93 1301 200 1376 cere,
222 1295 315 1377 quot
325 1304 518 1358 oneremur
530 1284 676 1377 debitis,
702 1284 828 1375 quibus
843 1296 904 1356 aut
919 1282 999 1358 non'
1009 1286 1163 1360 redden·

92 1395 148 1454 tes
165 1386 389 1478 tenebimur,
416 1397 478 1457 aut
500 1381 693 1457 reddentes
714 1383 969 1476 liberabimur,
997 1404 1077 1458 cum
1101 1384 1162 1460 sua

95 1483 245 1573 quisque
260 1481 374 1557 letior
389 1483 510 1557 debita
527 1504 572 1556 ex
585 1484 640 1557 his
655 1503 732 1573 quae
751 1478 842 1555 dida
857 1485 958 1572 sunt,
985 1484 1160 1581 colligere

92 1578 223 1674 poffit?
247 1580 342 1656 Fieri
357 1595 457 1656 certe
474 1586 552 1656 non
571 1580 694 1677 potest
714 1593 757 1653 ut
775 1581 887 1673 quiin
906 1581 975 1655 bac
992 1584 1068 1655 vita
1086 1582 1163 1680 est,

91 1682 191 1752 omni
209 1681 279 1755 diei
297 1680 485 1774 nodisque
501 1683 593 1755 hora
606 1701 685 1754 non
697 1680 841 1755 debeat.
891 1679 962 1755 Sed
982 1702 1064 1756 cum
1081 1685 1161 1774 quis

92 1779 220 1867 debet,
248 1796 309 1853 aut
323 1781 441 1854 reddit
456 1781 640 1870 debitum,
667 1793 730 1852 aut
748 1800 796 1852 eo
813 1777 973 1873 fraudat,
998 1781 1106 1873 idque
1120 1783 1161 1856 in

91 1878 160 1951 hac
175 1882 250 1953 vita
262 1880 426 1953 accidere
437 1878 571 1974 potest,
580 1890 623 1953 ut
635 1878 805 1953 reddatur
814 1890 876 1950 aut
886 1899 963 1952 non
974 1880 1158 1957 reddatur.

91 1977 150 2049 Ac
162 1976 243 2051 sunt
255 1981 313 2068 qui
326 1981 463 2053 nemini
479 1980 669 2071 quidquam
688 1976 865 2065 debeant3
891 1978 971 2051 sunt
981 1980 1042 2070 qui
1050 1979 1161 2073 pluri·

90 2076 1159 2173 masolvunt,paucadebent3alii,quipaucareddant,plu·

90 2175 319 2259 radebeantr
342 2176 429 2251 est&
446 2179 573 2271 aliquis
593 2175 738 2251 sortasse
756 2176 817 2268 qui
831 2176 1027 2250 reddiderit
1047 2179 1158 2272 nibil,
1237 2264 1239 2269 ¹

91 2278 214 2349 omnia
226 2278 367 2352 debeat.
393 2275 518 2369 Atque
530 2279 559 2351 is
576 2278 718 2371 quidem
733 2278 792 2366 qul
807 2278 928 2351 omnia
944 2276 1098 2351 reddidit
1106 2278 1158 2354 ita

88 2387 132 2449 ut
148 2375 238 2449 nihil
254 2376 397 2471 debeat,
414 2391 582 2471 tempore
598 2379 634 2449 id
645 2373 798 2470 praestat,
816 2375 1024 2472 indigetque
1040 2376 1159 2453 remis·

89 2472 191 2551 stone
206 2496 345 2563 eorum,
360 2499 438 2569 quae
453 2478 551 2572 prius
562 2476 705 2550 debuit:
720 2495 825 2565 quam
838 2474 1077 2551 remissionem
1084 2498 1160 2553 me·

88 2574 164 2647 rito
178 2574 299 2668 potest
316 2578 511 2670 consequi,
533 2578 592 2668 qui
605 2578 647 2649 ab
663 2576 784 2665 aliquo
803 2586 971 2667 tempore
987 2576 1068 2648 talis
1085 2574 1158 2651 effe

90 2668 284 2767 studuerit,
321 2690 363 2748 ut
390 2677 480 2750 nihil
510 2674 638 2750 eorum
661 2673 794 2747 debeat
815 2676 944 2764 quibus
971 2676 1158 2749 obnoxius

91 2785 169 2844 erat
183 2788 351 2865 tanquam
364 2795 441 2848 non
457 2775 617 2850 redditis.
653 2773 770 2845 Porro
788 2773 933 2845 nefariae
946 2775 1015 2845 illae
1031 2794 1160 2865 opera-

88 2873 211 2945 tiones
224 2874 260 2945 in
277 2873 449 2966 superiori
464 2876 588 2947 animae
604 2871 734 2946 nollrae
747 2883 849 2966 parte
864 2868 1049 2965 impresse,
1063 2870 1159 2949 liunt

89 2977 170 3066 quod
185 2973 334 3061 adversus
352 2999 410 3044 tros
433 2975 472 3071 est
487 2973 728 3071 chirographum
749 2990 795 3042 ex
814 2991 908 3063 qu0,
935 2973 1040 3044 velut
1053 2994 1099 3045 ex
1114 2972 1159 3047 ll·

89 3072 163 3146 bris
185 3074 227 3145 ab
251 3074 419 3146 omnibus
439 3076 548 3149 nobis
563 3074 729 3168 propria,
754 3082 797 3142 ut
818 3072 869 3142 ita
885 3071 1021 3161 dicam,
1046 3090 1158 3147 manu

91 3172 230 3265 scriptis
241 3173 498 3263 iudicabimur,
522 3172 694 3266 quodque
713 3184 803 3243 tunc
816 3169 1046 3266 proferetur,
1072 3172 1158 3247 eum

89 3298 196 3346 omnes
206 3273 446 3371 flebimusante
458 3274 602 3346 tribunal
617 3272 747 3368 curisti,
758 3287 795 3341 ut
810 3270 1024 3362 reseraturus
1045 3274 1157 3370 uisque

86 3377 357 3472 propriacorporis
367 3392 463 3472 prout
474 3373 579 3469 geffit,
586 3372 784 3469 fivebonum,
797 3364 863 3467 five
878 3372 1004 3445 molum.
1068 3373 1155 3448 ehi!

88 3474 219 3548 debitis
239 3475 369 3547 dicitur
388 3475 487 3566 quod
501 3474 552 3549 ast
569 3477 606 3547 in
623 3473 845 3568 proverbiis:
869 3473 924 3543 Ne
939 3474 1058 3542 dederis
1072 3487 1104 3543 re
1117 3476 1156 3546 in

78 3570 331 3672 fidejuffionem,
358 3584 515 3647 reveritus
524 3575 658 3667 fatiem:
672 3574 795 3671 fimim
809 3598 877 3643 non
894 3572 1067 3660 habueris,
1093 3588 1155 3644 κη’-

87 3677 125 3747 de
136 3674 265 3761 salvam
290 3679 400 3747 todem
413 3677 571 3775 stratum,
596 3672 844 3774 quodfirb‘coldis
866 3678 945 3745 tuis.
996 3672 1110 3768 Quod
1126 3670 1154 3748 sl

85 3787 148 3851 tot
165 3768 247 3849 sunt
263 3776 392 3869 quibus
408 3777 631 3949 debeamus&
651 3769 818 3869 profesto
837 3772 920 3849 sunt
936 3768 1045 3866 aliqui
1062 3789 1157 3864 quo·

436 3909 441 3917 ·
632 3896 724 3953 mu
790 3898 793 3905 '
863 3924 866 3929 ,
907 3892 935 3925 -'
1029 3890 1108 3962 (Ψὲ
