2498 4254
297 100 393 181 De
444 34 900 231 mutuno
1006 135 1139 237 o,

59 267 168 343 initio
198 266 236 338 in
258 268 455 359 juventute
481 269 565 343 zelo
595 287 677 344 tum
699 270 902 365 ignorantia
934 269 1132 361 conjuntto

60 368 254 463 agitatum,
280 367 425 459 pietatis
446 381 701 461 praetextueos
721 368 886 462 persequi
900 369 959 459 qui
973 370 1010 441 in
1029 370 1139 445 Chri·'

57 466 150 541 stum
168 486 290 539 meum
313 465 556 558 crediderint,
583 465 617 538 ἂ
644 465 823 541 custodire
850 464 1064 541 vestimenta
1081 470 1131 543 la·
1190 522 1193 529 ι

57 565 260 661 pidantium
291 564 431 639 servum
453 584 572 640 meum
597 565 780 641 &testem
812 566 1062 659 Stephanum
1087 580 1131 643 ut

57 663 141 761 post
152 666 351 756 juvenilem
364 667 613 759 petulantiam,
638 666 812 760 deinceps
833 664 1026 741 occasrone
1046 688 1132 762 cep-

57 777 98 837 ta
116 766 153 837 in
177 766 326 838 meliora
345 777 502 839 mutatus
520 786 598 838 non
619 767 794 861 glorietur
820 786 944 838 eoram
962 778 1042 855 rne',
1067 766 1129 842 sed

59 864 175 936 dicut:
202 868 282 937 Non
289 864 361 953 sum
377 868 492 958 dignus
503 874 613 935 vocari
631 868 806 961 Apostolus,
831 870 978 964 quoniam
989 869 1141 963 persecu-¹

58 980 113 1036 tus
121 966 191 1051 sum
209 966 355 1059 ecclefiam
375 970 459 1036 Dei:
485 964 714 1056 sentiensque
733 964 851 1039 futura
866 967 902 1038 in
919 986 1000 1037 eurn
1017 960 1130 1039 bene·

59 1060 145 1136 fieta
166 1085 245 1138 mea
261 1063 343 1156 post
359 1064 441 1138 suos
456 1068 493 1138 in
504 1067 699 1156 juventute
717 1067 860 1157 pietatis
879 1065 997 1160 specie
1010 1067 1129 1159 lapsus
1208 1062 1211 1067 ’

22 1190 31 1197 “·
60 1160 189 1255 addat',
211 1165 322 1257 gratio
343 1172 450 1235 eutem
474 1168 540 1236 Dei
555 1168 628 1252 sum
644 1167 677 1235 id
697 1168 776 1262 quod
787 1167 881 1252 sum3
908 1165 1129 1258 prohibitus·

59 1282 133 1353 que
149 1262 371 1337 conscientia
396 1286 523 1337 eorum
543 1270 646 1357 q'nae,
674 1284 756 1338 curn
776 1266 893 1337 adhue
907 1266 1055 1356 juvenis
1076 1262 1129 1337 es·

57 1358 329 1455 setprtdversus
347 1362 522 1437 Christum
538 1366 707 1459 patravit,
734 1384 810 1437 non
828 1366 1129 1461 extollaturmag·

56 1452 517 1635 nit'udr'nRrevelationum
542 1483 628 1555 quas
660 1484 745 1540 meo
778 1462 962 1539 beneficio
999 1483 1130 1558 accep*

56 1570 160 1632 turus
184 1582 205 1634 e
238 1619 246 1636 .
845 1630 851 1641 .

133 1678 167 1753 7.
194 1658 255 1733 Ad
278 1682 320 1735 ea
338 1674 459 1737 autem
480 1684 559 1754 quae
577 1660 718 1755 objetia
733 1661 814 1736 sunt
832 1662 877 1736 de
899 1663 1068 1737 oratione
1085 1672 1128 1735 ut

57 1754 114 1831 sol
132 1760 291 1852 oriatur,
317 1762 569 1838 haecdicenda.
621 1759 684 1834 Est
698 1764 797 1837 suurn
814 1762 847 1835 δι
864 1760 929 1834 soli
942 1764 1128 1837 arbitrium

58 1856 205 1947 quando
218 1860 360 1952 quidem
373 1860 577 1954 ipseDeum
589 1883 672 1936 cum
682 1861 766 1935 luna
776 1864 908 1935 laudat.
933 1860 1127 1935 Aitenim:

60 1958 211 2028 Laniare
236 1986 305 2029 eum
316 1962 365 2049 sol
384 1960 424 2038 (τ
446 1963 536 2037 tuna.
588 1962 648 2033 Sic
676 1960 916 2034 &arbitrium
943 1962 1067 2033 lunam
1091 1959 1127 2033 ἀ

59 2054 326 2149 consequenter
347 2058 465 2136 stellas
493 2082 621 2135 ornnes
638 2060 773 2134 habere
803 2057 1028 2133 menifestum
1051 2057 1127 2132 este

60 2160 208 2232 Loudate
226 2163 322 2233 enim
342 2187 411 2231 eum
420 2162 514 2259 fleHae
535 2159 574 2237 (⁴5
597 2162 712 2233 iumen.
764 2157 821 2231 Ut
845 2160 952 2253 igitur
973 2158 1127 2231 diximus

56 2254 185 2330 nostro
207 2258 424 2355 srngulorur'n
450 2263 510 2354 qui
533 2265 571 2335 in
592 2272 687 2333 terra
703 2258 885 2333 versamur
905 2258 1053 2331 arbitrio
1071 2254 1127 2330 uti

57 2355 203 2448 Deum,
239 2359 273 2429 u
299 2361 336 2432 in
363 2363 516 2456 aliquam
537 2374 764 2434 terrenarum
787 2378 907 2431 rerum
930 2359 1143 2433 utilitatem

58 2458 328 2531 convenienter
346 2462 405 2533 illa
431 2458 630 2551 ordinaire,
655 2459 702 2532 fic
728 2461 835 2532 etiarn
855 2455 1128 2531 existimandum

59 2552 112 2627 est
129 2557 276 2628 arbitrio
293 2556 377 2632 solis
396 2559 430 2632 ἃ
448 2560 592 2633 lunae&
615 2558 768 2633 fiderunt
793 2555 991 2630 necessario
1007 2555 1073 2628 illo
1091 2552 1128 2627 ἃ

57 2651 165 2727 firmo
189 2654 224 2726 δι
248 2653 362 2731 stabili
389 2658 605 2753 &sapiente
628 2657 728 2733 usum
752 2655 930 2729 ordinaire
957 2665 1128 2729 ornatum

59 2773 207 2826 ornnem
218 2758 294 2827 caeii
304 2755 798 2853 congruentesqueuniverso
808 2756 959 2829 siderum
971 2770 1127 2826 eonver-

57 2851 190 2928 stones.
243 2855 356 2950 Quod
375 2856 457 2929 srde
468 2858 509 2929 iis
527 2854 774 2948 quaeanostro
786 2855 934 2928 arbitrio
947 2851 1124 2945 pendent,

58 2972 137 3024 non
154 2950 279 3025 frustra
299 2974 394 3049 oro,
420 2958 537 3028 multo
558 2954 677 3027 minus
700 2952 746 3027 de
763 2954 806 3026 iis
828 2972 908 3045 quae
921 2953 958 3024 in
976 2950 1127 3022 arbitrio

57 3050 142 3122 sunt
153 3052 348 3127 coelestium
362 3056 506 3127 illorum
518 3053 668 3127 fiderunt
680 3072 835 3149 quomm
851 3050 1036 3124 ordinatus
1047 3066 1127 3120 cur·

57 3149 115 3223 sus
132 3152 240 3223 rebus
258 3154 357 3225 utilis
371 3152 422 3225 est
434 3152 619 3228 universis.
671 3154 898 3250 Quamquam
912 3151 957 3223 de
971 3148 1125 3224 terrente·

58 3251 205 3343 quidem
224 3253 332 3325 rebus
357 3251 427 3325 dici
449 3251 591 3345 potest,
617 3266 733 3324 certas
753 3250 922 3343 quosdam
939 3270 959 3321 a
975 3250 1126 3333 circum·

57 3348 235 3423 stantibus
255 3350 392 3444 species
409 3352 553 3425 immitti
576 3372 655 3442 quae
677 3362 889 3443 provocent
908 3348 944 3421 id
966 3350 1065 3440 quod
1085 3351 1125 3421 in

57 3450 169 3522 nobis
184 3446 364 3525 infirmum
376 3448 440 3530 est,
466 3462 693 3544 autpronum
710 3449 754 3521 ad
769 3448 963 3535 deteriora,
987 3461 1029 3520 ut
1045 3448 1128 3531 haeo

58 3550 120 3620 vei
136 3549 197 3620 illa
207 3547 364 3623 dicamus
379 3561 441 3622 eut
456 3546 637 3623 faciamus.
664 3551 704 3622 ln
720 3545 916 3620 caeiestibus
929 3566 1020 3620 vero
1031 3569 1126 3639 quae·
1225 3586 1232 3609 ι

59 3666 144 3721 narn
170 3647 291 3742 potest
311 3648 456 3722 innniffa
477 3646 612 3742 species
636 3652 679 3723 ab
703 3667 749 3719 eo
777 3647 881 3719 cursu
907 3651 966 3741 qui
985 3647 1123 3719 mundo

59 3747 160 3823 utilis
182 3744 234 3821 est
256 3762 424 3825 avertere
443 3768 485 3823 ec
501 3745 723 3921 diriguere?
754 3745 846 3823 Cum
860 3746 992 3851 srnguia
1016 3746 1125 3825 etiam

612 3868 651 3925 ‚e
674 3868 702 3939 4
750 3932 757 3949 Ι
847 3858 851 3867 ’
984 3847 1074 3919 citra
