2498 4254
81 183 226 261 394-
401 153 816 277 onlouuls
1111 263 1114 272 Ι

78 335 136 397 tra
153 315 319 411 corporis
340 318 416 410 eius
437 321 600 394 coercita
624 321 659 395 dc
682 319 884 413 conscripta
901 296 1147 415 breuitatem,

79 443 150 499 nec
183 440 332 511 usquam
366 433 538 513 praeterea
570 435 721 514 putetur
752 434 926 514 operata:
959 419 1018 493 sed
1048 422 1145 495 inter

78 535 272 610 utrumque
292 534 397 593 cauta
420 520 565 613 pietatis
586 521 695 595 debet
710 519 780 596 effe
796 519 969 609 conscilio
983 573 1003 613 r
1022 535 1148 595 utne·

80 644 151 715 que
170 618 301 710 aliquid
317 618 513 692 divinitatis
530 621 566 694 in
584 620 726 695 Christo
737 618 888 707 defuisse
904 620 1094 713 credatu,
1113 619 1151 703 u,

80 722 179 797 nulla
192 719 335 815 penitus
352 733 532 813 apaterna
548 720 738 795 substantia
757 743 833 814 quae
848 721 980 810 ubique
998 719 1070 813 est,
1098 719 1151 793 sa·

1 860 2 867 κ
82 821 307 914 {inputetur
326 817 396 893 elle
416 819 555 897 divisio,
605 821 698 897 'sale
714 843 867 912 namque
885 820 1015 911 aliquid
1038 819 1150 897 etiam

80 919 238 1014 Baptista
257 918 415 1013 Joannes
435 920 602 1015 indicat,
637 943 719 997 cum
739 920 978 1015 corporaliter
997 918 1151 1001 absente

53 1076 56 1081 -
80 1020 163 1118 Jesu
186 1020 322 1094 diceret
349 1020 393 1094 ad
412 1020 559 1097 turbas:
591 1027 723 1096 Medius
746 1025 880 1120 vestrum
891 1020 1071 1118 statquem
1090 1045 1150 1095 voa

1 1142 3 1146 ’
81 1121 229 1212 nescitis,
255 1127 311 1218 qui
328 1121 394 1218 post
408 1145 456 1192 me
471 1127 588 1212 venit,
613 1130 703 1217 cujus
719 1149 785 1193 non
807 1124 871 1199 sam
895 1125 1004 1197 dianus
1022 1121 1150 1210 scivere

80 1227 247 1312 corrigiam
269 1221 559 1295 calceamentorum.
616 1223 730 1324 Quod
746 1223 870 1317 utique
887 1220 958 1293 dici
981 1241 1059 1295 non
1081 1242 1151 1313 pov

81 1332 178 1397 terat
194 1319 239 1392 de
252 1342 299 1395 eo
319 1323 379 1413 qui
392 1319 515 1397 absens
536 1334 635 1416 erat,
663 1337 834 1416 quantum
853 1322 897 1394 ad
917 1322 1149 1412 corporalem

81 1419 304 1516 presentiam
321 1424 499 1516 pertinet,
527 1423 610 1514 quia
628 1423 765 1498 medius
782 1421 892 1498 staret
905 1441 1033 1496 eorum
1051 1420 1149 1495 inter

56 1584 59 1588 .
82 1541 175 1618 quos
193 1541 269 1597 non
288 1521 410 1598 aderat
428 1523 676 1619 corporaliter
688 1520 781 1597 filius
800 1523 894 1598 Dei.-

161 1642 219 1714 31.
244 1620 306 1699 Ne
323 1623 400 1719 quis
421 1636 542 1699 tamen
554 1644 624 1700 nos
637 1622 812 1699 existimet
824 1642 889 1715 per
905 1619 982 1695 haec
993 1617 1082 1693 illud
1098 1617 1149 1694 af·

81 1717 251 1814 firmare,
288 1723 388 1814 quod
404 1744 484 1816 pars
502 1724 618 1820 aliqua
636 1723 777 1806 deitatis
797 1719 862 1796 lilii
883 1721 953 1793 Dei
977 1717 1088 1792 fuerit
1111 1721 1149 1793 in

83 1819 252 1914 Christo,
286 1823 424 1914 reliqua
446 1843 541 1900 vero
561 1845 643 1916 pars
670 1823 754 1897 alibi
779 1824 839 1894 vel
860 1821 1021 1911 ubique:
1047 1815 1151 1909 quod

82 1922 136 1996 illi
157 1920 289 2000 sentire
305 1920 452 2017 poliunt
475 1926 536 2016 qui
562 1936 726 1999 naturam
749 1920 945 1998 substantiae
973 1919 1148 2011 incorpoe

82 2043 154 2098 teae
177 2038 285 2114 atque
303 2024 486 2098 invisibilis
510 2026 688 2121 ignorant.
751 2020 965 2115 Impossibile
993 2039 1150 2109 namque

86 2121 137 2198 est
161 2121 207 2195 de
231 2122 458 2216 incorporeo
480 2137 620 2217 partem
642 2122 735 2214 dici,
762 2137 823 2194 aut
849 2119 1062 2194 divifionem
1089 2119 1150 2193 ali·

85 2243 190 2313 quarn
210 2220 312 2314 fieri,
338 2220 399 2297 sed
419 2222 665 2314 nomnibus,
693 2223 808 2317 &per
828 2221 969 2310 omnia,
995 2215 1151 2310 &super

84 2322 208 2396 omnia
222 2319 296 2413 est,
324 2342 372 2395 eo
392 2323 506 2397 modo
528 2344 603 2414 quo
625 2321 783 2416 superius
810 2320 983 2411 diximus,
1009 2317 1047 2391 id
1070 2318 1150 2414 est,

85 2441 161 2514 quo
176 2418 448 2516 vel'sapientia,
474 2423 537 2499 vel
557 2425 734 2511 verbum,
762 2421 822 2494 vel
842 2421 940 2512 vita,
966 2420 1029 2491 vel
1054 2419 1152 2492 veri·

84 2537 140 2597 tas
158 2520 395 2615 intelligitur:
422 2541 486 2614 per
508 2544 612 2615 quarn
629 2520 848 2596 intellectum
863 2519 986 2594 omnic
998 2519 1071 2593 fine
1088 2519 1152 2591 du,

84 2621 148 2697 bio
165 2620 349 2694 conclusio
362 2620 489 2697 localis
504 2621 717 2697 excluditur.
770 2621 912 2695 Voleus
932 2618 1039 2714 igitur
1056 2615 1152 2693 filius

83 2719 157 2795 Dei
177 2739 247 2816 pro
268 2718 380 2795 salute
395 2721 535 2818 generis
559 2720 703 2796 humarri
727 2739 898 2814 apparere
920 2719 1152 2812 hominibus,

85 2818 231 2897 &inter
247 2820 411 2895 homines
429 2820 662 2915 conversari,
688 2817 839 2913 suscepit
850 2839 927 2892 non
940 2816 1054 2892 solun
1071 2838 1152 2891 cor,

84 2941 152 3019 pus
175 2922 398 3012 humanum,
431 2932 475 2994 ut
500 2921 642 3015 quidam
663 2933 824 3015 putant,
850 2917 910 2993 sed
925 2919 959 2993 ἃ
976 2919 1151 3012 animam,

84 3019 287 3099 nostrarum
312 3019 455 3111 quidem
484 3021 678 3098 animarum
698 3019 849 3094 flatilem
875 3035 941 3112 per
962 3032 1153 3111 naturam,

84 3120 276 3216 proposlto
300 3118 446 3193 vero&
466 3119 605 3201 virtute
621 3120 766 3195 similem
782 3118 865 3210 fibi,
892 3119 1048 3191 &talem
1069 3139 1154 3209 qua

85 3220 130 3299 lis
159 3240 286 3294 omnes
310 3218 520 3293 voluntates
545 3217 880 3312 &dispensationes
907 3219 1013 3290 verbi
1039 3214 1155 3291 cosa·

84 3319 231 3413 pientiee
251 3317 548 3397 indeclinabiliter
566 3319 671 3415 polilt
688 3320 849 3413 implere.
902 3317 1017 3417 Quod
1032 3330 1154 3393 autern

84 3417 434 3509 habueritanimam‚
450 3418 719 3497 manifestiffime
730 3416 1155 3517 inEvangeliisdeliguat

86 3515 161 3616 ipse
178 3516 370 3610 Salvator,
394 3517 538 3595 dicens:
564 3523 666 3593 Mna
682 3520 767 3593 ndu
781 3548 803 3592 a
822 3527 1024 3591 meduanam
1039 3542 1153 3607 meam,

78 3621 134 3715 sed
153 3642 202 3714 ego
217 3639 296 3713 paru
316 3642 383 3690 enm
400 3618 452 3693 abt
477 3643 536 3693 me.
601 3621 784 3706 Petelinum
803 3620 899 3692 dala
916 3620 1057 3713 ponendi
1077 3623 1154 3693 ani«

86 3743 169 3796 mam
192 3741 318 3805 meam,
354 3713 396 3813 ὅ
421 3723 539 3793 iteum
561 3721 737 3818 potestatem
761 3720 855 3799 haben
871 3715 1048 3814 affirmanda*
1068 3742 1153 3793 eamr

87 3815 141 3921 Et
156 3815 315 3905 rursum:
345 3819 461 3929 'Irtiiis
480 3821 646 3931 «jimna
658 3844 727 3898 mea
747 3844 846 3934 usare
859 3822 902 3895 od
918 3837 1060 3936 ncmtn·
1104 3815 1155 3895 Et

917 3935 927 3947 ‘
1035 3929 1104 3999 tte·
