2498 4254
124 208 130 219 ·
261 156 968 278 orrairrcrrrrs,trr.1rr.
1071 177 1143 271 ³63

88 335 234 413 bebitur
249 335 323 430 ipse
338 336 401 411 fibi
416 336 575 412 inferens
595 335 752 416 manua?
785 332 857 410 Sed
873 333 1023 410 fortailia
1038 350 1144 412 extra

86 436 167 511 haec
190 438 409 510 videbuntur
426 435 497 513 eise
517 439 629 511 literae
648 435 745 510 Pauli
764 434 928 529 apostoli.
991 433 1041 509 Et
1057 437 1164 533 quid·

87 521 142 609 est
158 535 257 626 quod
275 534 386 611 dicit?
415 539 621 625 Circumcisus
639 538 758 634 aliquis
770 553 902 607 vocatus
913 536 981 634 est?
1004 531 1072 606 ποκ’
1086 537 1145 607 ad·

86 635 182 711 lucar
196 643 394 732 prapariqm.
445 635 558 734 Quod
570 638 689 730 primo
702 635 844 728 quidem
864 634 888 709 sr
906 637 984 727 quis
996 635 1166 733 diligen·-

86 735 160 808 tius
173 735 393 820 consideret,
418 756 496 827 nori
512 736 657 810 videtur
670 736 714 810 ad
728 756 770 809 ea
779 732 909 808 dietum
924 756 1002 827 quae
1017 737 1051 808 ei
1059 754 1144 830 pro·

86 833 206 929 posita
219 835 258 906 in
277 836 439 908 manibus
453 836 693 909 habebamur:
718 834 833 912 sermo
847 854 1001 926 namque
1014 835 1048 908 ei
1066 843 1145 908 erat

86 932 136 1007 de
154 934 290 1026 nuptiis
307 932 341 1006 br
358 933 519 1010 castitate
535 935 765 1029 precipiens,
791 932 1057 1025 &videbuntur
1073 933 1144 1006 uti·
1211 942 1214 947 ’

86 1054 161 1125 que
180 1034 257 1105 haec
268 1033 305 1104 in
321 1034 382 1106 tali
398 1031 500 1108 causa
516 1033 698 1127 superfluo
712 1046 921 1107 memorata.
971 1031 1144 1106 Secundo
1195 1078 1197 1083 .

88 1130 282 1225 veroquid
299 1131 455 1219 obesset,
481 1131 936 1209 ssobscoenitatisvitandae
950 1130 1050 1207 causa
1068 1133 1145 1223 ejus

87 1251 171 1323 quae
195 1251 241 1304 ex
263 1233 532 1311 circumcisione
558 1231 636 1319 est,
673 1227 791 1326 poffet
812 1232 936 1322 aliquis
966 1250 1145 1306 revocare

86 1329 327 1427 praeputium?
352 1329 505 1419 Tertio,
530 1332 628 1422 quod
640 1344 740 1405 certe
754 1327 831 1403 fieri
842 1330 879 1425 id
895 1331 995 1404 omni
1012 1349 1146 1423 genere

88 1427 300 1520 impoilbile
315 1428 377 1505 est.
426 1431 517 1507 H‘aee
532 1444 651 1506 autem
663 1431 784 1504 omnia
798 1451 816 1502 a
830 1431 937 1502 nobis
950 1426 1041 1504 dieta
1051 1426 1145 1522 sunt,

89 1543 135 1601 ut
148 1525 374 1601 ostendamus
394 1531 476 1619 quia
489 1531 547 1604 hic
563 1527 767 1624 prospestus
785 1526 837 1603 est
852 1527 1001 1621 Spiritus
1018 1526 1146 1620 sanari,

91 1629 152 1719 qui
170 1628 276 1699 nobis
294 1626 481 1722 scripturas
498 1627 638 1702 divinas
651 1630 788 1704 donare
801 1628 963 1723 dignatus
981 1626 1051 1716 est,
1066 1647 1147 1700 non

87 1738 191 1801 uter
210 1723 284 1799 sola
302 1727 422 1816 litera,
450 1729 513 1800 vel
522 1730 561 1802 in
579 1730 747 1802 omnibus
762 1747 807 1799 ex
826 1747 868 1799 ea
884 1722 1048 1798 aedificari
1066 1723 1148 1819 pos·

89 1826 197 1901 fimus
215 1845 320 1916 quarn
338 1824 808 1919 frequenterlimpoffibiletrr
828 1844 898 1896 nec
912 1822 1149 1902 sufficientem

91 1923 157 2001 sibi
181 1921 294 1997 adeffe
314 1920 637 2017 deprehendimus:
666 1925 702 1998 id
726 1921 801 2013 est,
827 1942 892 2017 per
914 1930 1017 2013 qlram
1035 1926 1151 1997 inter·

92 2023 180 2096 dum
194 2042 270 2100 non
287 2022 401 2096 solum
420 2025 702 2115 irrationabilia,
726 2023 978 2096 verumetiam
995 2021 1149 2115 impolli-

92 2123 180 2198 bilia
200 2120 450 2217 deignantur:
476 2122 535 2199 sed
560 2135 601 2197 ut
621 2124 860 2218 intelligamus
879 2134 1054 2193 contexta
1076 2119 1148 2199 eise

92 2218 254 2314 quedam
274 2222 358 2295 huic
380 2220 506 2296 visibili
522 2221 696 2312 historia,
723 2241 801 2312 quae
821 2221 972 2293 interius
989 2221 1149 2296 conside·
1196 2240 1199 2245 ·

90 2318 227 2394 rata&
251 2320 431 2396 intelleila
457 2323 583 2399 utilem
607 2321 814 2397 hominibus
839 2318 874 2393 bt
897 2318 984 2394 Deo
1007 2318 1150 2418 dignam

90 2416 286 2515 proferunt
305 2421 432 2515 legem.
638 2492 642 2500 ,
1179 2424 1183 2429 ’

172 2538 226 2613 19.
254 2515 315 2591 Ne
342 2520 419 2611 quis
444 2539 564 2599 autem
589 2518 782 2614 suspicetur
805 2535 876 2589 nos
908 2516 983 2592 boc
1009 2517 1150 2612 dicere,

93 2616 178 2712 quia
191 2617 325 2692 nullam
337 2617 519 2700 historiam
531 2624 711 2717 scriptura
726 2611 853 2694 rabam
865 2612 935 2691 eise
947 2616 1152 2719 sentiamus,

1014 2737 1103 2811 quo·

174 2958 179 2969 x
315 2875 740 2954 Irrrearrreaiam
774 2893 923 2954 reove.
1076 2870 1116 2919 ·'

90 3013 232 3097 fuerit?
268 3015 356 3095 Haec
381 3018 500 3090 omnia
522 3018 667 3093 anobis
693 3014 784 3092 ditia
806 3015 889 3093 sunt
912 3027 955 3090 ut
986 3011 1149 3091 ostenda·

89 3137 170 3211 nius
188 3137 265 3189 non
285 3138 326 3192 ea
342 3113 416 3189 sola
429 3138 505 3207 quae
521 3117 627 3192 litera
642 3118 789 3212 exhibet
804 3115 1028 3212 propositum
1046 3114 1149 3193 fuiffe

91 3217 218 3307 eique
239 3214 350 3289 sacras
368 3217 473 3290 nobis
495 3215 616 3291 literas
642 3213 766 3308 dedit,
793 3216 923 3289 divinae
943 3215 1071 3289 virtuti
1089 3237 1149 3291 exi

90 3316 243 3412 plicaret
270 3318 400 3408 quippe
412 3336 490 3406 quae
503 3315 682 3390 interdum
696 3314 885 3393 secundum
898 3316 1036 3389 literam
1049 3316 1151 3391 mini·

91 3438 152 3491 me
168 3435 255 3487 vera
272 3415 365 3507 sint,
398 3413 457 3487 sed
475 3413 668 3495 &absurda
688 3417 721 3489 ἃ
740 3413 975 3508 impoffibilia:
1002 3426 1079 3490 tu'm
1097 3428 1150 3492 at·

92 3527 196 3586 texta
215 3512 284 3589 eise
299 3514 474 3586 nonnulla
497 3514 804 3609 rerumgestarum
820 3511 1024 3588 historiae&
1042 3515 1085 3590 iis
1099 3516 1151 3594 le·

93 3612 197 3710 gibus
214 3636 289 3706 quae
307 3610 497 3688 secundum
510 3614 648 3689 literam
665 3616 764 3686 utilia
784 3613 1004 3706 praecipiunt.

175 3734 230 3810 19.
256 3712 315 3785 Ne
341 3713 417 3802 quis
439 3733 531 3789 vero
559 3734 627 3788 nos
654 3711 847 3805 suspicetur
868 3714 905 3787 in
930 3712 1093 3791 omnibus
1114 3710 1178 3795 iil

94 3810 242 3907 dicere,
266 3812 400 3890 nullam
416 3810 598 3905 historiam
621 3809 831 3916 contigiiie,
857 3813 1025 3915 queniam
1039 3813 1153 3906 aliqua

1035 3929 1128 3985 tm
