2498 4254
242 160 711 291 on'rmuc'rrus
760 166 868 277 tis,
894 196 962 274 ur.
1065 208 1150 322 3⁸9³

70 357 194 434 dixisse
214 359 305 430 duos
329 359 512 451 Seraphim
535 360 631 453 solos
662 359 731 432 elle
755 363 813 453 qui
835 361 970 433 duobus
988 359 1132 453 quidem

70 461 134 531 alis
168 460 338 554 operiunt
365 461 492 532 faciem
513 461 623 554 Dei','
647 462 781 533 duabus
810 483 903 533 vero
929 461 1067 554 pedes,
1094 459 1131 533 bt

69 560 206 631 duobus
224 561 353 631 volant
369 562 560 632 clamantes
582 561 625 633 ad
644 562 801 633 invicem
818 561 881 633 libi
899 562 933 634 ἂ
950 561 1130 635 dicentes:

67 660 229 745 Saucius,
250 659 401 748 fiontius,
426 659 572 748 sautius,
602 666 761 731 Dominus
784 672 866 730 [leus
883 663 1043 753 Sabaoth,
1065 656 1138 757 ple·s

67 785 112 830 m
130 760 168 854 est
187 764 334 844 universo
353 778 439 830 terra
453 764 552 852 gloria
577 778 648 837 tuo.
701 761 813 858 Quod
837 781 924 856 ergo
939 759 1014 834 sola
1029 760 1148 833 Serit-⁸

67 860 166 953 phim
191 872 361 950 utrosque
384 863 454 932 alas
475 859 550 933 suas
571 861 706 934 habent
732 862 768 932 in
791 860 882 932 facie
904 862 1005 953 Dei,
1036 861 1070 931 bt
1088 854 1149 933 in'

65 960 217 1053 pedibus
232 961 328 1052 ejus,
356 962 556 1032 audendum
570 961 620 1033 est
638 962 877 1055 pronunciare
891 962 989 1051 quod
1009 980 1127 1050 neque
1205 1002 1207 1007 ·

67 1060 247 1130 exercitus
265 1059 464 1133 lintlorum
484 1064 715 1156 angelorum,
742 1082 858 1152 neque
874 1058 971 1133 sedes
991 1058 1127 1151 santtae,

66 1179 185 1248 neque
207 1160 493 1252 dominationes,
520 1182 637 1251 neque
655 1162 896 1254 principatus,
923 1182 1040 1250 neque
1059 1181 1128 1254 po·

66 1256 210 1329 testates
228 1258 315 1333 scire
330 1259 475 1352 poliunt
491 1263 629 1353 integre
646 1261 785 1333 initium
804 1262 963 1332 omnium
982 1261 1016 1331 δι
1034 1256 1125 1331 fines

64 1357 318 1433 uniuersitatis.
369 1359 778 1455 Sedintelligendumest
789 1347 926 1432 funttos
937 1359 1023 1431 istos
1034 1378 1126 1451 quos

66 1460 315 1530 annumeravit
330 1456 468 1551 spiritus
487 1461 685 1533 &virtutes
702 1463 882 1554 proximas
902 1460 1042 1550 quidem
1056 1457 1128 1530 elle

63 1555 145 1650 ipsis
165 1557 302 1649 initiis,
338 1560 371 1630 ἃ
397 1563 571 1655 attingere
597 1575 736 1633 tontum
758 1576 928 1651 quantum
955 1558 1146 1648 consequi·

63 1676 142 1727 non
165 1660 287 1730 uolent
311 1660 457 1752 reliqui:
490 1675 739 1732 verumtamen
766 1660 1017 1750 quodcumque
1037 1657 1127 1730 illud

64 1753 117 1826 est
140 1757 237 1845 quod
255 1760 440 1832 revelante
461 1757 537 1831 filio
557 1761 680 1831 Dei&
703 1759 835 1852 Spiritu
854 1757 972 1830 santio
995 1757 1125 1828 didice-

62 1855 138 1924 rint
154 1855 224 1926 istae
241 1860 420 1948 virtutes,
448 1860 703 1951 quamplurima
720 1859 860 1949 quidem
878 1857 1006 1947 alloqui
1019 1871 1144 1947 pote··

61 1956 201 2027 runt&
226 1961 340 2029 multo
367 1960 468 2050 plura
489 1959 628 2052 priores
648 1959 901 2049 inferioribus,
930 1959 1049 2027 omnia
1072 1968 1124 2028 ta·

59 2074 146 2128 men
163 2059 464 2149 comprehendere
473 2059 680 2151 irnpossibile
699 2058 750 2131 eis
762 2057 835 2145 est,
862 2058 941 2147 quia
955 2055 1139 2149 scriptum'
1185 2112 1189 2119 .

61 2152 132 2226 est:
163 2159 405 2247 Quinum
424 2158 615 2254 exoperibus
642 2163 701 2226 liei
718 2166 754 2227 in
766 2159 887 2243 secretis
892 2160 986 2247 sunt.
1045 2154 1123 2226 Un-

61 2253 107 2325 de
128 2255 336 2348 &optabile
356 2258 407 2331 est
426 2274 467 2331 ut
487 2280 555 2351 pro
572 2258 709 2330 viribus
725 2256 760 2331 se
778 2259 1021 2347 unusquisque
1039 2253 1139 2326 rem-1

59 2374 126 2446 per
150 2359 320 2431 extendat
342 2360 385 2431 ad
405 2382 447 2432 ea
467 2381 543 2450 quae
560 2361 682 2451 priora
702 2356 804 2449 sunt,
832 2378 910 2448 quae
926 2353 1124 2431 retrorsum

59 2453 141 2527 sunt
156 2457 391 2551 obliviscens,
420 2459 554 2531 tamad
568 2480 678 2552 opera
693 2458 864 2549 meliora,
893 2479 997 2547 quam
1015 2454 1123 2527 etiam

60 2553 260 2643 adsensum
284 2558 573 2650 intelletiumque
592 2559 776 2651 puriorem
799 2578 863 2648 per
880 2555 997 2649 Jesum
1021 2553 1123 2631 Chri-
1220 2623 1224 2631 .

58 2652 150 2731 stum
163 2656 389 2733 Salvatorem
408 2658 590 2751 nostrum,
613 2658 669 2733 cui
683 2656 734 2731 est
750 2655 864 2752 gloria
881 2656 919 2731 in
936 2654 1080 2731 saecula„
1137 2722 1144 2735 ‚

135 2777 192 2848 27.
222 2755 347 2829 Omnis
370 2778 457 2852 ergo
472 2759 529 2829 cui
545 2758 709 2829 veritatis
730 2776 815 2828 cura
832 2753 905 2846 est,
933 2773 1057 2846 parum
1076 2748 1121 2824 de

56 2855 262 2931 nominibus
291 2857 324 2931 u
354 2857 576 2934 sermonibus
612 2869 737 2948 curet,
758 2856 849 2945 ¹quia
873 2875 945 2946 per
970 2852 1120 2946 singulas

57 2968 184 3050 gentes
204 2954 560 3033 diuersaeverborum
579 2953 852 3031 consuetudines
868 2954 1063 3029 habentur:
1086 2948 1135 3035 &„
1168 2986 1174 3053 2

20 3081 29 3089 ··
57 3055 132 3147 hoc
156 3057 264 3151 magis
287 3056 385 3148 quod
412 3053 652 3151 significatur,
686 3076 789 3146 quam
811 3054 972 3147 qualibus
996 3049 1121 3123 verbis

55 3150 297 3250 significetur,
322 3156 500 3231 intendat:
526 3155 705 3250 praeeipue
721 3155 758 3225 in
771 3148 1032 3246 tammagnis&
1046 3154 1143 3229 tam'

57 3252 257 3333 difficilibus
283 3257 416 3328 rebus:
441 3256 530 3332 sicut
552 3276 632 3330 cunr
656 3253 844 3349 quaeritur‚
871 3250 975 3324 verbi
996 3246 1118 3341 causa,

56 3354 81 3426 fi
106 3355 149 3431 sit
176 3357 292 3446 aliqua
309 3354 499 3429 substantia
522 3357 560 3426 in
587 3376 655 3446 qua
670 3373 787 3445 neque
804 3352 909 3427 color
928 3369 1043 3442 neque
1059 3349 1127 3431 ha·-

55 3454 152 3529 bitus
175 3477 293 3544 neque
315 3454 428 3527 tatius
450 3475 567 3548 neque
585 3451 792 3549 magnitudo
810 3447 1142 3547 intelligenda-sitq

53 3567 177 3628 mente
194 3554 268 3626 sola
290 3553 560 3649 conspicabilis,
587 3575 690 3646 quam
707 3562 819 3648 prout
839 3548 1041 3640 suntquis,
1068 3547 1118 3620 ita

56 3654 91 3723 ἃ
103 3654 279 3727 nominat:
307 3677 388 3726 nam
404 3653 520 3727 Graeci
533 3656 835 3746 ᾰσωματονοειῃ,
854 3648 890 3720 id
908 3646 979 3739 est,
998 3648 1117 3719 incor-

53 3773 205 3849 poream
221 3754 415 3848 dixerunt,
442 3754 571 3829 divinar
590 3771 680 3824 uero
703 3748 882 3843 scripturae
905 3736 1119 3845 invisibilem
1228 3777 1231 3784 ·

54 3850 125 3930 effe
139 3856 403 3953 pronunciant:
422 3852 614 4037 imaginoiss
624 3842 927 4057 {niguluvlfibilis
942 3842 1145 4021 QZ&
