2498 4254
197 68 688 251 obarmemur,
738 123 928 209 mum.
1031 154 1102 233 209

121 310 179 382 14.
207 289 278 364 Sed
303 285 510 373 assumamus
542 293 650 365 ctiam
681 290 725 365 de
750 293 942 387 euangeliis
969 293 1100 370 horum

58 411 119 486 ιιι
143 390 293 469 diximus
315 390 578 483 fimilitudines,
603 392 664 463 ubi
682 390 837 465 refertur
854 390 923 466 elle
942 394 1101 487 quedam

58 504 145 572 retra
165 492 299 564 habens
314 511 461 584 parvam
478 490 512 561 dt
532 493 691 586 exiguam
712 505 869 586 terram,
900 492 938 565 in
954 514 1058 585 quam
1073 494 1101 571 s1

58 590 214 683 eciderit
238 588 379 684 semen,
419 590 493 665 cito
514 606 732 663 memoratur
757 591 911 681 exoriri,
936 589 996 666 sed
1018 614 1100 669 cum

58 686 213 765 t'xortum
226 688 356 783 fuerit,
383 690 550 782 quoniam
570 688 724 763 radicem
743 712 819 764 non
844 690 942 763 dedit
961 693 997 765 in
1015 712 1100 785 pro·

58 788 214 883 undum,
242 786 452 863 ascendente
470 787 546 861 sole
569 786 713 863 aestuare
738 790 866 863 dicitur
885 789 920 861 δι
942 789 1102 865 arescere

58 888 140 1002 prod
155 902 324 963 exortum
339 885 399 964 est.
452 891 543 987 Quae
557 889 680 982 utique
697 903 800 984 petra
816 889 887 963 sme
903 890 1013 963 dubio
1028 910 1100 986 pro

58 988 155 1062 nima
172 988 286 1082 polita
309 987 359 1061 est
381 989 533 1060 humana
556 1009 624 1081 pro
652 988 702 1061 sui
723 990 936 1085 negligentia
955 990 1102 1066 indura·

58 1108 98 1180 a,
126 1086 161 1159 dt
182 1098 335 1180 propter
366 1089 532 1159 malitiam
549 1086 650 1162 saxea
665 1086 800 1163 efferta.
851 1088 954 1161 Nulli
970 1091 1101 1165 enimc

58 1184 124 1259 >eo
152 1207 218 1259 cor
242 1186 420 1281 lapideum
452 1199 610 1259 creatum
636 1186 713 1280 est,
746 1186 806 1260 sed
837 1208 900 1284 per
931 1190 1103 1265 malitiam

58 1284 231 1378 inicuique
258 1286 596 1358 &inobedientiam
622 1307 687 1359 cor
712 1286 889 1381 lapideum
911 1283 989 1361 lieri
1011 1287 1102 1361 dici

58 1404 109 1459 ur.
171 1384 273 1458 Sicut
296 1405 384 1481 ergo
413 1386 439 1459 fi
464 1387 541 1477 quis
572 1385 736 1479 increpet
765 1386 964 1501 agricolam
990 1406 1101 1480 quare

58 1504 115 1557 lon
134 1485 237 1557 citius
253 1482 383 1557 semina
400 1481 503 1577 super
518 1500 648 1563 terram
664 1484 868 1579 petrosam
854 1487 1003 1579 jecerit,
1029 1504 1101 1581 pro
1157 1534 1159 1539 .

58 1583 208 1673 quod
221 1582 344 1655 vrdeat
358 1583 459 1657 aliam
473 1595 604 1657 terram
618 1584 795 1677 petrosam
810 1599 957 1679 accepta
970 1584 1103 1661 semma
1198 1670 1203 1679 ,

58 1638 220 1755 ielociter
238 1680 464 1779 germinasse,
496 1684 621 1776 utique
639 1682 869 1777 respondebit
891 1682 1102 1779 agricola&

58 1780 156 1875 licet,
185 1784 266 1874 quia
289 1780 426 1855 idcirco
441 1783 574 1855 tardius
600 1781 736 1858 semino
756 1798 886 1857 terram
910 1782 1030 1875 istam,
1056 1798 1101 1857 ut

58 1881 143 1955 ιοίιίι
164 1880 294 1955 semina
314 1903 389 1973 quae
407 1880 620 1975 susceperit,
645 1884 815 1954 retinere·
843 1882 990 1975 expedit
1006 1881 1102 1955 enim

58 1980 123 2052 ruic
142 1980 205 2053 tali
227 1996 331 2053 terrae
347 1994 389 2051 ut
405 1980 582 2075 posterius
604 1978 794 2055 seminetur
811 2002 857 2052 ne
876 1980 975 2053 forte
996 1981 1101 2053 citius

58 2080 234 2199 germinata
255 2079 351 2175 seges
372 2080 501 2153 summa
524 2079 641 2153 tenuis
667 2078 731 2153 soli
755 2080 876 2153 fronte
858 2081 1101 2173 procedens

58 2137 121 2251 olis
146 2178 285 2251 aestibus
312 2180 462 2252 obviare
486 2200 561 2252 non
587 2178 700 2271 polfit
753 2178 890 2251 Nonne
918 2181 977 2272 qui
1002 2182 1102 2272 prius

58 2278 274 2371 ncrepabat,
300 2279 432 2351 rationi
461 2278 653 2371 &peritiae
679 2279 878 2369 acquiescet
907 2281 1100 2393 agricolae,

58 2372 195 2468 ltquod
221 2380 316 2469 prius
335 2378 397 2449 fibi
416 2378 607 2450 videbatur
631 2376 918 2471 inconsequem,
945 2380 1102 2451 rationa-

58 2475 158 2549 riliter
188 2475 319 2549 facium
349 2477 545 2569 probabit?
581 2479 635 2549 lta
669 2499 756 2573 ergo
790 2477 891 2549 Deus
926 2476 1102 2550 universae

58 2591 212 2647 reaturae
232 2574 299 2649 suae
318 2576 536 2671 peritissimus
549 2578 705 2673 agricola
720 2576 903 2651 disimulat
924 2576 958 2651 dt
980 2576 1102 2651 differt

60 2676 191 2747 naliud
212 2673 283 2747 fine
308 2676 417 2747 dubio
445 2688 584 2767 tempus
602 2676 677 2748 brec
699 2698 776 2767 quae
797 2677 902 2749 nobis
931 2675 1102 2751 videntur

58 2772 144 2845 :itius
168 2772 323 2847 debuisse
341 2772 508 2867 consequi
525 2774 729 2868 sanitatem,
755 2777 808 2846 uti
828 2798 874 2848 ne
895 2772 1101 2870 superficies
1152 2830 1155 2837 ·

58 2892 168 2946 torum
192 2875 302 2969 magis
328 2895 433 2964 quam
452 2876 593 2947 interna
615 2891 793 2949 curentur.
845 2874 881 2949 Si
906 2896 999 2948 vero
1021 2874 1100 2965 quis

58 2973 146 3045 robis
169 2972 307 3045 adhaec
332 2974 506 3064 objiciat:
540 2993 647 3065 quare
678 2994 765 3069 ergo
790 2975 947 3067 quaedam
969 2972 1102 3047 semina

58 3072 175 3145 eadunt
202 3072 309 3147 ctiam
327 3071 429 3167 super
451 3087 581 3146 terram
608 3072 805 3170 petrosam,
842 3073 951 3147 idest
975 3072 1101 3147 dur-am

58 3172 193 3265 liquam
211 3172 252 3277 dq
261 3172 397 3248 saxeam
410 3172 587 3247 animam?
636 3172 840 3249 Dicendum
862 3174 998 3247 adhaec
1018 3172 1100 3264 quia
1145 3258 1148 3263 .

1003 3293 1051 3345 ne

262 3430 687 3505 Iurxnrnrrxrro
726 3453 873 3506 uovx.

58 3584 180 3647 antum
196 3568 380 3663 superficie
399 3574 586 3667 concipit,
614 3574 737 3646 credet
752 3572 917 3669 agricole
931 3585 972 3643 ut
987 3573 1048 3663 qui
1063 3571 1098 3645 dr

58 3692 128 3746 ere
146 3671 328 3745 dixerit&
347 3676 461 3765 perite
478 3672 701 3765 scienterque
718 3673 862 3745 fecerit:
889 3672 940 3744 ita
951 3692 1098 3786 magnus
1211 3762 1217 3769 ·

58 3774 154 3847 otius
171 3784 309 3845 naturae
325 3773 483 3869 agricola
493 3772 768 3855 beneficentiam
782 3772 876 3853 suam
893 3792 970 3867 quae
992 3770 1099 3844 citius

91 3875 243 3969 origum
270 3866 357 3950 Tem.
385 3872 451 3951 111.
670 3870 705 3950 Ο
922 3871 1060 3971 imper
