2498 4254
73 156 163 245 a&
258 230 264 253 ,
408 130 826 237 oaloanrs

95 336 1131 402 maessffia

111 542 114 549 ·
200 496 497 642 arnan
567 498 1032 608 raam-us.

4 966 9 987 ,
90 930 93 935 ·
169 858 174 885 ⁸
199 892 249 971 Ui
264 874 372 995 legis,
398 907 537 972 mernor
555 894 630 968 esto
645 895 715 968 mei
730 898 767 968 in
781 896 851 968 tuis
869 893 994 969 sanclis
1009 897 1131 969 oratio

87 903 198 1138 Θ
222 1019 325 1091 nibus
342 1072 355 1112 ‚
387 1033 429 1092 ut
445 1018 567 1089 &nos
589 1014 680 1089 effici
694 1030 895 1091 mereamur.
915 1002 1131 1090 aemulatores

222 1134 1131 1233 dmm.&mmmdmwmbfflffifflm

84 1270 124 1332 te
137 1279 215 1331 non
231 1253 347 1331 solum
368 1256 572 1349 insistente,
599 1273 726 1331 verum
747 1258 851 1331 etiarn
870 1268 1046 1353 cogente,
1070 1252 1127 1328 die·

83 1379 151 1450 bus
177 1376 444 1471 quadragesimae
468 1376 723 1468 interpretatus
741 1376 826 1451 sum.-
876 1372 947 1448 Sed
973 1375 1126 1471 quonian

83 1495 151 1568 illis
172 1493 297 1572 diebus
315 1496 422 1569 etiarn
444 1507 485 1567 tu
504 1494 668 1591 religiose
688 1493 800 1568 frater
816 1492 977 1589 Macari,
1002 1494 1039 1569 br
1053 1494 1123 1568 vid·

43 1700 46 1705 ,
83 1629 150 1690 nus
162 1617 357 1708 monebas,
386 1609 578 1707 &amplius
590 1614 761 1707 vacabas,
788 1614 894 1688 etiarn
907 1634 978 1711 ego
994 1611 1124 1711 amplius

83 1738 284 1837 operabar:
309 1735 378 1808 hos
404 1752 494 1809 vero
509 1724 734 1829 'posteriores
755 1734 847 1807 duos
872 1734 1006 1807 tardius
1031 1724 1122 1827 expli

84 1856 243 1950 culmus,
272 1855 355 1929 darn
380 1870 421 1927 tu
448 1854 491 1929 ad
516 1876 584 1928 nos
611 1857 654 1927 ab
670 1870 829 1928 extrema
849 1844 1025 1927 &ultima
1039 1850 1120 1927 urbis

82 1986 186 2071 parte
212 1975 327 2047 rarior
353 1974 498 2048 exuitor
522 1975 673 2049 accedis.
739 1976 877 2048 Verum
903 1971 930 2047 li
955 1968 1121 2047 meministi

84 2094 183 2185 quod
201 2096 238 2166 in
255 2095 523 2186 praefatiuncula
544 2092 665 2185 priore
684 2094 921 2186 commonui,
948 2096 1031 2185 quia
1050 2088 1122 2167 tuda

81 2212 223 2307 gnaturi
241 2210 352 2285 essent
372 2214 512 2305 quidam
529 2211 554 2284 sr
570 2232 638 2284 nos
658 2208 830 2284 audissent
848 2229 924 2285 non
944 2206 1121 2305 aliquidde

86 2328 245 2424 Origene
259 2330 349 2403 rnale
367 2333 490 2425 loqui,
517 2331 693 2403 continuo
708 2330 764 2424 id,
789 2347 831 2405 ut
844 2334 1029 2428 arbitror,
1053 2350 1121 2429 pro·

83 2449 242 2521 secutum
259 2444 425 2542 probasti.
478 2450 590 2549 Quod
613 2450 638 2521 fi
660 2450 697 2522 in
717 2450 781 2523 illo
805 2472 917 2547 opere
935 2454 987 2525 ita
1004 2452 1123 2527 inflata·

83 2568 170 2642 mati
189 2567 268 2640 sunt
280 2564 316 2642 hi
336 2572 396 2662 qui
409 2571 596 2644 hominurn
609 2572 744 2664 linguas
762 2570 806 2643 ad
818 2570 1126 2664 maleloquendrn

85 2687 245 2761 excitant
259 2689 460 2783 daemones,
487 2692 525 2763 in
542 2711 615 2789 quo
629 2690 789 2762 nondum
805 2710 932 2764 eorum
944 2686 1127 2766 secretaad

83 2808 228 2901 plenum
252 2811 477 2884 nudaverat:
503 2809 589 2902 quid
605 2809 642 2880 in
662 2808 735 2882 hoc
757 2810 916 2883 futurum
940 2824 1074 2906 putas,
1093 2809 1128 2883 in

85 2948 158 3019 quo
182 2949 306 3001 ornnes
328 2950 454 3004 eorum
473 2950 582 3003 caecas
602 2930 636 3003 da
657 2930 817 3000 occultas
835 2929 911 3000 vias
930 2932 1057 3021 quibus
1072 2932 1128 3006 hu·

83 3050 194 3120 ruanis
211 3050 381 3122 cordibus
400 3052 580 3145 irrepunt,
606 3042 786 3121 &annuas
804 3044 958 3121 infirmas
977 3072 1020 3122 ae
1033 3050 1129 3147 fragi-

84 3167 135 3238 les
162 3166 366 3260 deeipiunt,
393 3166 596 3243 revelabit?
628 3165 778 3239 Videbis
810 3167 909 3239 illico
934 3166 1130 3261 perturbari

84 3288 225 3379 omnia,
251 3284 443 3360 seditiones
467 3287 632 3378 moveri,
659 3285 832 3358 clamores
850 3298 930 3357 tota
953 3292 1045 3363 urbe
1072 3286 1130 3363 dis·

81 3402 210 3496 fundi,
237 3406 280 3477 ad
302 3392 565 3480 damnationem
585 3406 708 3477 vocari
729 3422 809 3476 eurn
833 3404 891 3495 qui
919 3409 1130 3505 evangelica

80 3525 234 3596 lucerna
249 3525 381 3598 lumine
394 3525 586 3597 diabolicas
601 3523 810 3618 ignorantiae
825 3527 991 3599 tenebras
1011 3528 1130 3623 fugare

82 3656 234 3715 conatus
251 3640 311 3714 est.
361 3644 586 3716 Verumhaec
600 3642 837 3736 parvipendat
850 3644 1023 3739 quicupit
1037 3645 1131 3719 salva

77 3757 162 3835 fidei
184 3759 370 3836 catholica
388 3749 512 3859 regula
529 3761 568 3839 in
593 3760 723 3837 divinis
748 3762 1010 3839 eruditionibus
1032 3784 1129 3839 erer-

645 3902 648 3907 ·
981 3906 1079 3977 cm3
