2498 4254
114 142 183 220 128
433 130 841 217 ORIGENIS
914 153 963 166 ··

108 303 243 401 pislerio
261 317 322 393 pro
338 300 472 392 peccatis
488 296 624 393 nostris,
650 298 759 391 magis
775 298 813 371 in
832 299 1023 378 salvatore
1040 325 1130 384 nom

112 398 286 495 paracleti
301 416 369 489 pro
387 396 621 488 deprecatore
634 397 905 492 intelligendum
924 404 1090 494 videtur3
1118 436 1130 481 c

112 498 253 593 precari
276 496 368 567 enirn
383 508 520 589 patrem
534 515 602 589 pro
620 498 776 589 peccatis
795 497 925 572 nostris
941 502 1083 581 dicitur.
1116 507 1130 579 l

112 598 249 691 Spiritu
273 594 389 667 serisso
419 595 617 667 Paracletus
650 594 858 670 consolator
885 600 994 674 debet
1023 606 1130 679 intell

112 718 182 793 pro
205 694 368 786 eoquod
393 692 676 767 consolationem
695 696 836 786 praestat
858 700 1066 799 animabus,
1100 727 1130 798 qr

113 798 182 871 bus
205 800 328 891 aperte
346 796 488 869 revelat
503 791 637 867 sensum
656 792 811 869 scientiae
825 798 1000 891 spiritalis.

417 988 683 1070 CAPUT
734 992 860 1071 VIII.

541 1148 593 1219 De
617 1147 735 1227 anima.

94 1348 98 1358 ·
114 1317 147 1371 1.
163 1294 292 1471 Post
312 1296 388 1369 haec
401 1297 473 1392 jam
489 1298 582 1372 ordo
597 1297 756 1395 deposcit
771 1318 840 1372 nos
863 1299 970 1372 etiam
988 1300 1032 1375 de
1052 1302 1130 1377 ausu

248 1399 461 1492 'generaliter
480 1399 684 1491 inquirere,
712 1398 745 1469 &
766 1400 808 1471 ab
830 1399 1060 1474 inferioribus
1079 1403 1130 1475 int

109 1498 251 1592 pientes
272 1497 315 1569 ad
331 1498 513 1590 superiora
527 1496 776 1572 conscendere.
826 1494 907 1571 Esse
921 1521 1075 1591 namque
1095 1524 1130 1574 an

108 1620 185 1672 mas
209 1598 248 1670 in
272 1598 412 1691 singulis
439 1599 636 1690 quibusque
661 1596 888 1688 animalibus,
915 1601 1026 1672 etiam
1049 1602 1130 1675 inlr

110 1718 190 1789 quae
206 1698 244 1769 in
264 1698 361 1788 aquis
378 1698 535 1793 degunt,
562 1720 582 1772 a
598 1699 697 1772 nullo
711 1695 864 1767 arbitror
877 1696 1046 1775 dubitari.
1068 1698 1130 1773 Nar

90 1796 146 1869 ·&
167 1799 366 1871 communis
393 1799 550 1871 omnium
579 1798 652 1870 hoc
670 1794 788 1869 servat
806 1795 953 1887 opinio,
979 1798 1016 1869 &
1035 1796 1130 1871 consi

92 1900 221 1972 -matio
241 1896 364 1972 saneta
380 1895 786 1993 scripturaeaunoritatis
798 1894 953 1985 accedit,
978 1919 1061 1971 cum
1080 1896 1130 1970 dic

90 2014 191 2091 ¹tur,
226 2000 308 2091 quia
318 2000 401 2091 fecit
424 1998 518 2073 Deus
537 2016 616 2069 ceros
637 2020 788 2089 magnos,
818 1992 856 2070 (5
877 2020 996 2065 omium
1022 2004 1130 2068 aalma

108 2104 329 2171 animantium
352 2106 543 2193 repentium,
568 2122 635 2191 quae
653 2098 869 2191 produxerunt
892 2120 978 2193 aqua
998 2100 1130 2178 secundm

103 2221 331 2291 geneseorum.
382 2195 440 2267 Ex
454 2195 632 2266 communi
652 2216 743 2265 vcro
762 2194 909 2265 rationis
929 2197 1130 2291 intelligent]¹

107 2291 342 2369 confirmatur
355 2294 458 2363 etiam
475 2293 518 2363 ab
536 2292 588 2363 nis
605 2293 662 2379 qni
680 2290 926 2365 delinitionem
944 2296 1065 2368 animae
1084 2317 1130 2369 cer

104 2396 152 2467 tis
173 2393 410 2466 determinant
421 2388 553 2463 verbis.
603 2386 785 2461 Delinitur
798 2413 951 2485 uarnque
962 2396 1071 2468 anima
1082 2396 1130 2467 ho

105 2492 238 2582 mod0,
265 2492 345 2579 quia
356 2488 398 2559 lit
411 2484 598 2559 substantIa
610 2508 799 2575 perrosum
813 2490 847 2561 ἃ
863 2490 1042 2593 sponsane,
1059 2516 1130 2587 quo

102 2592 237 2681 latine,
263 2590 433 2659 licetnon
447 2587 677 2676 tamproprie
694 2590 926 2686 explanetur,
953 2596 1023 2667 dici
1039 2606 1130 2667 tamer

101 2687 223 2787 potest
245 2684 410 2758 sensrbilis
438 2683 472 2755 bc
495 2685 649 2758 mobilis.
699 2688 811 2783 Quod
835 2695 962 2784 utique
985 2694 1130 2767 conveni

103 2790 211 2863 etiam
224 2784 268 2857 de
284 2782 450 2855 omnibus
465 2784 670 2855 animalibus
686 2784 776 2876 dici,
806 2790 838 2859 u
852 2792 906 2864 his
920 2796 1046 2883 quaein
1059 2794 1130 2884 aqui

101 2888 258 2983 degunn
285 2878 345 2953 sed
364 2879 399 2951 a
418 2883 456 2952 in
476 2882 687 2954 volucribus
709 2884 832 2956 eadem
855 2889 1020 2966 delinitio
1036 2894 1130 2967 animr

101 2981 363 3060 convenienter
378 2978 586 3057 ostenditur.
614 2980 763 3055 Addidit
772 2980 852 3057 sane
870 2987 1130 3084 scriptruaetiau

79 3121 85 3154 .·
100 3082 245 3160 alterIus
257 3077 437 3151 sententia
453 3079 718 3175 ausloritatem,
746 3104 826 3158 cum
844 3088 947 3165 dicit:
973 3098 1058 3163 Non
1067 3116 1130 3166 maa

98 3183 255 3256 durabitis
268 3181 470 3271 fimgurmm,
496 3189 571 3275 quio
584 3208 694 3251 anima
707 3189 808 3254 rarius
825 3197 932 3259 carnis
946 3190 1075 3285 sanguis
1087 3196 1130 3291 eju

96 3284 156 3380 ιβ,
183 3278 221 3355 (5
239 3304 305 3349 raon
325 3276 558 3350 murmurabitis
579 3289 720 3352 animam
739 3310 806 3353 cum
826 3290 999 3376 carnibus3
1024 3292 1063 3365 in
1080 3313 1130 3383 qul

96 3378 352 3455 evidentissime
370 3377 572 3473 sanguinem
597 3383 756 3455 omnIum
781 3386 979 3462 animalium
1005 3392 1130 3465 animan

96 3501 225 3553 eorum
238 3476 306 3551 esse
323 3479 487 3573 designat.
537 3480 614 3573 Jam
633 3503 725 3552 vero
739 3482 763 3555 fi
776 3488 850 3572 quis
864 3491 1044 3582 requirat,
1065 3513 1130 3582 quo

92 3579 208 3653 modo
231 3576 380 3649 animam
399 3578 514 3651 omnis
541 3581 654 3653 carnis
681 3580 882 3676 sanguinem
907 3589 983 3678 ejus
1006 3588 1077 3663 else
1102 3592 1130 3665 dl

93 3678 170 3769 xit,
198 3676 244 3749 de
265 3679 412 3769 apibus,
439 3674 582 3773 vespis,
616 3681 650 3752 &
670 3680 853 3776 formicis,
880 3685 977 3760 &de
997 3690 1052 3761 his
1075 3712 1130 3782 qur

92 3774 132 3852 in
157 3776 255 3875 aquis
281 3775 386 3873 sunt,
413 3775 559 3876 ostreis,
593 3780 627 3857 δι
651 3781 831 3881 cochleis,
858 3783 893 3859 ὰ
918 3808 1130 3883 quacumqu·

1021 3887 1103 3969 suut

1 4053 142 4142 'sq

142 4163 153 4228 r
