2498 4254
44 220 49 227 .
190 272 195 279 .
282 92 969 257 or'rrruc1r11s,t1r.n.
1082 114 1180 259 ιη’

89 330 316 403 demoniorum
333 329 500 427 sequentes
515 327 752 425 prohibentium
776 326 891 397 nubere
915 327 956 397 eus
980 329 1155 412 interituros

91 430 131 509 si
148 433 280 502 ruinam
293 434 481 523 multorum,
507 427 546 505 (Ἰ
559 434 735 523 importune
746 425 783 514 sc
797 426 948 523 abstinere
960 444 984 499 a·
996 428 1092 517 cibis,
1116 420 1155 501 st

89 550 146 627 per
163 530 399 627 ‹psmtasionem
417 535 549 629 aerinis
569 528 778 615 observantia
788 529 939 617 seducant
960 534 1084 601 animas
1104 533 1156 599 in·

91 648 269 703 meantum.

40 733 42 798 3
166 754 203 821 4.
231 728 394 823 Oportet
412 748 499 824 ergo
516 747 585 800 nos
605 723 692 799 scire
706 722 788 819 quia
802 725 1005 799 Paracletus
1016 725 1067 800 est
1079 724 1155 821 Spi·
1218 795 1221 812 ,

92 826 351 921 ritussanilus,
379 828 515 902 docens
532 827 668 917 majora
680 848 785 918 quam
797 847 894 899 voce
905 825 1155 920 proferripos-

40 925 62 1044 p
93 924 192 1022 sunt,
221 930 276 1023 &,
310 939 353 1001 ut
376 930 427 1002 ita
452 928 626 1019 dixerim,
661 948 738 1017 quae
762 924 954 999 ineffabilia
985 924 1092 1019 sumt,
1119 926 1155 999 &

40 1041 44 1110 ῑ
94 1054 156 1125 qua
170 1054 239 1099 mn
256 1034 330 1099 iicet
346 1030 470 1098 homini
486 1028 587 1124 loqui,
613 1024 717 1098 idest
736 1046 814 1117 quae
833 1026 980 1098 indicari
994 1024 1154 1099 humano

40 1111 44 1162 ³
90 1126 255 1201 sermone
276 1148 353 1201 non
366 1125 521 1222 possunt.
576 1124 686 1219 Quod
702 1139 822 1198 autem
835 1127 884 1197 ait
897 1149 963 1194 non
975 1125 1065 1211 licet,
1079 1146 1152 1219 pro

40 1217 45 1244 ''
91 1249 135 1301 eo
161 1227 263 1320 quod
287 1253 353 1297 non
372 1229 495 1325 μειβ,
525 1223 655 1299 discum
669 1223 847 1299 sentimus
873 1225 916 1298 ab
941 1222 1149 1320 apostolo,

87 1327 176 1401 sicut
201 1327 237 1400 &
257 1328 307 1400 ibi
323 1328 384 1401 ubi
405 1329 482 1400 ait:
516 1332 630 1398 Omnio'
650 1328 734 1395 misai
749 1328 869 1409 licent,
889 1326 942 1413 sed
957 1350 1025 1396 non
1043 1332 1151 1398 omnia

89 1430 275 1523 expediunt:
300 1432 405 1497 omnio
419 1428 501 1497 misci
514 1428 632 1510 licent,
643 1426 768 1513 sednon
780 1429 886 1495 omniu
903 1428 1071 1518 edificant.
1095 1423 1151 1503 Ea

46 1591 50 1599 .
90 1529 182 1601 enim
199 1546 354 1619 quorum
367 1526 525 1625 potestas
539 1525 646 1599 nobis
665 1523 736 1618 est,
763 1526 1028 1622 propterquod
1042 1525 1152 1601 habe·

88 1646 128 1701 re
141 1648 183 1700 ea
197 1626 403 1720 possumus,
434 1629 544 1699 licere
560 1626 667 1698 nobis
688 1626 784 1700 dicit.
834 1624 1037 1699 Paracletus
1055 1647 1149 1700 vero

80 1727 188 1819 ²quod
204 1727 337 1799 dicitur
348 1726 498 1821 Spiritus
515 1724 674 1819 raneos,
702 1723 986 1801 aconsolatione
1007 1724 1149 1801 dicitur.

91 1824 274 1899 Paraclefis
292 1828 386 1898 enim
404 1828 513 1899 latine
532 1824 734 1901 consolatio
750 1827 958 1919 appellatur.
980 1856 984 1861 ·
1009 1825 1046 1897 Si
1071 1827 1149 1916 quis

92 1944 240 2018 namque
253 1927 298 1999 de
308 1924 442 2018 Spiritu
452 1924 571 1998 sancto
584 1926 797 2019 participare
809 1926 1000 2016 meruerit,
1026 1926 1150 2021 cogni·

95 2024 139 2097 tis
153 2024 391 2097 ineffabilibus
406 2023 629 2098 sacramentis
646 2022 932 2098 consolationem
945 2024 1019 2097 fine
1037 2025 1149 2099 dubio

96 2122 289 2198 &laetitiam
299 2124 419 2198 cordis
428 2123 574 2199 assumit.
601 2122 693 2199 Cum
706 2125 972 2199 enimrationes
987 2126 1180 2202 omnium·
1212 2188 1220 2201 .

89 2242 166 2322 quae
179 2220 293 2317 fiunt,
321 2244 429 2317 quare
447 2227 509 2298 vel
529 2226 680 2317 qualiter
696 2223 804 2317 fiant,
829 2222 953 2319 spiritu
968 2224 1151 2313 indicante

76 2326 332 2419 cognoverit,
357 2326 394 2396 iia
408 2326 520 2397 nullo
545 2326 672 2417 utique
698 2326 907 2398 conturbari
934 2326 1009 2416 ejus
1035 2327 1152 2400 anima

85 2424 247 2515 ¹poterit,
272 2434 334 2495 aut
348 2425 461 2497 ullum
475 2422 609 2496 sensum
624 2417 786 2497 moeroris
802 2427 967 2518 accipere
985 2450 995 2500 ι
1022 2445 1093 2498 nec
1111 2428 1151 2503 in

95 2522 209 2615 aliquo
224 2536 401 2617 terretur,
428 2544 511 2602 cum
528 2526 646 2597 verbo
665 2524 737 2596 Dei
756 2525 791 2598 &
812 2523 990 2621 sapientia
1007 2524 1081 2617 ejus
1098 2525 1152 2601 in·

95 2620 247 2717 harene,
275 2621 471 2697 Dominum
488 2621 604 2716 Jesum
620 2623 708 2695 dicit
718 2626 756 2697 in
767 2623 902 2717 Spiritu
912 2623 1043 2699 sanilo,
1074 2626 1150 2699 Ve-

95 2738 167 2797 rum
183 2723 354 2814 quoniam
377 2721 549 2796 Paracleti
571 2723 722 2798 fecimus
746 2726 990 2818 mentionem,
1024 2723 1149 2818 &pro

96 2820 227 2895 viribus
252 2820 381 2895 nostris
407 2822 558 2914 qualiter
576 2822 621 2897 de
643 2845 689 2897 eo
715 2822 835 2898 sentiri
860 2824 1010 2917 debeat,
1037 2846 1151 2918 expo·

92 2916 237 2994 sumus:
264 2921 394 2994 dicitur
410 2934 531 2994 autem
547 2924 651 2998 etiam
669 2922 838 2996 Salvator
854 2924 977 2997 noster
994 2926 1151 3017 paracle·

93 3027 145 3112 tus
165 3020 204 3093 in
218 3021 370 3114 epistola
388 3023 538 3116 Joannis
554 3043 635 3095 cum
655 3022 762 3097 dicit:
788 3028 916 3122 Siquis
934 3024 1073 3121 nostrum
1080 3045 1149 3121 pec·

92 3126 212 3192 cavent
221 3174 232 3209 ‚
253 3124 450 3217 paracletum
463 3124 609 3193 habemus
625 3126 707 3219 opud
718 3141 840 3222 patrem
860 3126 973 3221 Jesum
989 3124 1151 3222 Chrr'ssum

40 3203 42 3258 Ψ
87 3220 219 3319 jtcflstm,
245 3224 285 3297 (5
308 3222 369 3317 ipse
389 3222 429 3318 est
453 3228 636 3319 propiciatio
650 3244 707 3318 pro
728 3231 863 3318 peccatis
880 3226 1009 3321 nostris:
1037 3225 1150 3300 confi·

90 3318 251 3394 deremus
277 3342 326 3393 ne
343 3319 441 3394 forte
467 3323 560 3395 aliud
581 3322 639 3395 hic
656 3321 829 3419 significet
854 3324 930 3397 haec
954 3326 1149 3419 appellatio

87 3420 258 3513 paracleti
270 3420 533 3514 deSalvatore‚
562 3423 654 3496 aliud
670 3424 714 3496 de
727 3414 1000 3517 Spiritusa'nilo.
1038 3426 1150 3499 Vide-

86 3532 145 3591 tur
172 3522 268 3593 enim
293 3521 338 3593 de
364 3520 554 3595 Salvatore
586 3526 786 3615 paracletus
819 3524 888 3597 dici
921 3526 1149 3620 deprecator.

86 3616 292 3711 Utrumque
310 3623 404 3693 euim
421 3617 593 3717 significat
607 3622 645 3695 in
660 3645 777 3719 graeco
795 3627 1016 3718 paracletus,
1043 3627 1078 3699 δι
1090 3627 1150 3699 de-

84 3734 338 3814 precatorem,
370 3719 406 3792 &
431 3719 707 3800 consolatorem.
767 3724 923 3819 Propter
946 3747 1028 3800 eum
1060 3745 1147 3821 ergo
1192 3721 1198 3733 “

86 3820 148 3913 qui
167 3816 629 3919 subsequitursermonem,
655 3846 729 3917 quo
744 3826 818 3913 ait:
845 3831 895 3903 Ec
914 3830 976 3927 ipse
990 3826 1032 3922 esi
1048 3846 1150 3919 repro·

686 3942 689 3946 ·
967 3929 1099 4024 pitiotio
