2498 4254
270 162 348 242 nu
396 130 738 260 iuiu'crr'us,¹
787 145 891 248 tir.
917 166 945 246 1.
1093 137 1148 275 ἁξ-

74 319 117 403 ti
132 319 325 423 dil'eiplinis¹
346 322 554 403 salutaribus
572 321 783 424 reformati,
808 327 925 405 redire
946 349 989 405 ac
1004 319 1143 414 restitui

74 426 119 502 aid
134 427 267 501 statum
287 424 356 503 suae
373 428 603 503 beatitudinis
618 427 757 522 pollint.
807 428 866 503 Ex
880 431 1007 522 quibus
1026 434 1143 511 existi&

75 537 157 624 mu,
186 540 302 622 prout
314 547 384 626 ego
399 528 529 602 sentire
543 528 702 624 polium,
728 530 824 602 hunc
842 523 1142 627 ordinem'lruma·

76 627 111 702 tii
132 627 279 730 'generis
304 628 527 721 institutum,
554 629 615 721 qui
635 629 759 722 utique
780 632 817 702 in
839 629 968 722 futuro,
986 630 1150 731 saeculo,.

77 729 135 802 vel
152 726 490 824 superuenientibus
513 723 666 825 seculis,
693 749 774 803 cum
797 730 925 804 coelum
946 735 1088 824 nojvunr
1106 734 1143 809 dt

76 821 170 901 ierra
186 849 290 901 nova
305 825 497 902 secundum
514 826 635 903 lsaiam
651 828 740 922 erit,
765 828 971 904 restituetur
988 830 1027 906 in
1044 833 1143 911 iliani

75 930 250 1001 unitatem
276 947 382 1021 quam
406 930 588 1020 promittit
612 929 790 1008 Dominus
822 929 922 1025 Jesus
948 930 1070 1030 dicens
1096 915 1150 1011 ad

75 1024 196 1101 Deum
215 1041 356 1121 patrem
381 1025 425 1100 de
448 1024 516 1100 suis
539 1028 733 1126 discipulis:
759 1033 840 1102 Non
852 1050 912 1127 pro
930 1030 996 1129 istis
1010 1043 1080 1129 rigo
1090 1022 1147 1125 so·¹

73 1128 139 1203 ium
151 1128 203 1217 sed
216 1128 255 1205 (ἵ
267 1149 329 1225 pro
342 1127 483 1199 omnibus
497 1134 554 1225 qui
569 1132 722 1201 credituri
731 1129 811 1219 suut
820 1151 879 1229 per
893 1131 1024 1224 verbum
1036 1131 1147 1205 eoruiir'

75 1232 113 1301 iu
131 1253 203 1318 me,
227 1243 267 1299 ut
289 1251 392 1299 omnes
413 1251 512 1300 uuum
522 1228 614 1325 fini,
631 1228 716 1327 ficut
740 1255 789 1327 rgo
805 1234 842 1300 iu
867 1247 898 1302 te
910 1247 1027 1327 pater,
1052 1233 1092 1311 (ὅ
1104 1250 1145 1306 tu

75 1331 113 1400 r’rr
124 1354 171 1399 me
180 1378 193 1418 ,
220 1333 269 1402 ita
283 1326 323 1405 U
338 1328 389 1427 ilii
401 1332 439 1400 iu
451 1327 543 1400 nobis
557 1327 743 1427 unumfiut.
790 1328 840 1402 Et
854 1330 984 1405 iterum
997 1333 1061 1426 ubi
1074 1329 1147 1408 iitt'

83 1431 129 1502 Ut
137 1430 213 1527 fior
231 1453 350 1519 uuum,
367 1430 454 1523 ficut
468 1428 508 1506 (i
523 1454 581 1501 uos
599 1454 698 1501 unum
709 1431 842 1524 sumus,
868 1456 917 1525 ego
933 1434 970 1503 in
987 1436 1000 1501 i
1010 1434 1076 1529 ſss,
1102 1430 1145 1513 θ’

79 1543 117 1602 tn
138 1535 177 1601 iri
198 1556 269 1618 me,
292 1546 332 1601 ut
344 1530 416 1624 first
435 1527 475 1605 (ὅ
499 1530 554 1626 ipss
571 1517 777 1620 consumiidii
799 1537 837 1602 in
859 1555 932 1602 uno.
998 1527 1032 1622 't
1051 1531 1144 1620 sicut

78 1624 269 1705 confirmat
281 1628 512 1703 nihilonimus
529 1630 635 1705 etiam
645 1623 774 1730 Rarius
798 1630 980 1725 apostolus
997 1632 1142 1714 dicens:

80 1731 188 1803 Donec
207 1753 409 1810 ¹occtrrramus
425 1753 530 1801 omues
549 1735 767 1803 inunitatem
780 1734 859 1823 fidei
883 1736 921 1800 iu
940 1738 1050 1804 iritum
1072 1752 1149 1830 per·
1192 1779 1195 1787 -

75 1828 214 1922 setium,
241 1837 279 1900 iu
296 1830 474 1917 mensuram
495 1837 601 1902 atatis
621 1833 835 1927 plenitudinis
860 1830 989 1928 christi.
1038 1824 1090 1905 Et
1102 1831 1145 1906 fi·

81 1933 145 2003 eut
160 1928 252 2004 idem
265 1924 466 2022 Apostolus
485 1930 558 2023 jam
574 1950 643 2003 nos
661 1930 768 2003 etiam
781 1929 820 2002 in
836 1928 998 2024 praesenti
1014 1931 1145 2008 vitain

85 2028 228 2108 ecclelia
244 2031 405 2127 politos,
427 2029 464 2102 in
480 2051 549 2121 qua
564 2031 688 2122 utique
705 2029 816 2102 futuri
830 2030 931 2127 regni
945 2028 996 2102 est
1010 2026 1144 2125 forma,

83 2126 127 2202 ad
138 2128 229 2203 hanc
244 2126 405 2204 eamdem
418 2131 563 2208 unitatis
579 2129 839 2203 similitudinem
862 2129 1078 2204 cohortatur
1095 2128 1147 2203 di·

83 2233 188 2303 tens:
236 2232 282 2302 Ut
306 2230 408 2304 eadem
430 2232 546 2301 dicatis
571 2254 698 2318 omues,
734 2227 774 2306 (5
806 2254 874 2299 run
900 2228 971 2325 fini
996 2233 1033 2300 in
1056 2227 1147 2301 vobis

79 2327 272 2425 schismata,
287 2328 363 2427 fitis
375 2346 481 2401 autem
495 2329 630 2426 perfeiii
645 2335 683 2402 iu
704 2355 767 2402 uno
786 2332 942 2430 eodemque
951 2328 1068 2423 sensu,
1088 2344 1149 2405 at·

85 2454 139 2535 que
154 2436 194 2501 in
210 2454 278 2501 una
297 2430 458 2529 eademque
470 2432 648 2520 sententia.

156 2550 192 2625 3.
217 2528 408 2604 Sciendum
426 2545 546 2605 tamen
562 2530 613 2605 est
632 2530 805 2623 quosdam
822 2529 942 2621 quiex
958 2524 1148 2624 unoprin·

86 2627 178 2724 cipio
193 2628 294 2723 quod
306 2626 408 2725 supra
423 2629 596 2725 diximus,
623 2628 752 2724 delapsi
766 2627 866 2723 sunt,
892 2629 1080 2704 intantum
1094 2628 1148 2700 in·

87 2729 291 2830 dignitatem
306 2750 347 2801 ac
363 2730 531 2806 malitiam
549 2725 584 2804 se
605 2729 733 2804 dediile
744 2742 787 2801 ut
801 2728 935 2823 indigni
951 2726 1064 2800 habiti
1078 2724 1149 2799 fint

86 2829 308 2905 institutione
329 2828 418 2921 hac,
445 2830 507 2903 vel
530 2829 735 2904 eruditione
755 2848 825 2923 qua
840 2848 904 2921 per
924 2846 1067 2900 carnem
1083 2824 1149 2899 hu·

87 2951 226 3005 manum
245 2949 359 3027 genus
382 2928 563 3023 adjutorio
589 2929 767 3002 virtutum
790 2926 978 3000 caelestium
997 2921 1149 2997 institui-

87 3042 142 3103 tur
162 3043 273 3125 otque
294 3027 479 3121 erudiuu,
504 3027 565 3103 sed
591 3030 799 3103 econtrario
827 3027 935 3101 etiam
956 3020 1149 3097 adversarii

89 3147 192 3225 atque
209 3142 451 3224 repugnantes
466 3128 521 3203 his
539 3129 600 3223 qui
620 3128 832 3203 erudiuntur
856 3140 965 3219 atque
985 3123 1150 3196 imbuun-

87 3229 165 3325 t'ur,
192 3228 360 3305 existunt.
410 3228 520 3302 Unde
538 3230 572 3302 &
590 3249 723 3326 agones
744 3226 917 3321 quosdam
942 3236 1050 3316 atque
1072 3240 1150 3295 cer·

86 3330 215 3405 tamina
229 3328 348 3402 omnis
366 3327 443 3403 haec
464 3329 573 3404 habet
591 3327 671 3402 vita
688 3328 920 3419 mortalium,
945 3320 1149 3397 reludunti·

85 3431 148 3507 bus
165 3426 353 3505 scilicet&
373 3428 654 3527 repugnantibus
668 3425 853 3503 adversum
869 3444 938 3499 nos
959 3425 1013 3499 his
1033 3422 1094 3517 qui
1108 3419 1151 3495 ii·

87 3551 130 3606 ne
142 3532 221 3605 ullo
240 3526 402 3622 respedtu
419 3530 464 3604 de
480 3527 573 3603 statu
588 3528 729 3604 meliori
744 3525 872 3622 delapsr
886 3523 986 3617 sunt,
1012 3522 1073 3615 qui
1090 3540 1149 3614 ap·

85 3634 265 3728 pellantur
292 3628 455 3704 diabolus
475 3629 643 3725 &angeli
666 3629 766 3723 ejus,
793 3624 985 3719 ceterique
1004 3620 1149 3697 ordines

85 3733 248 3828 molinet,
276 3750 371 3828 quos
386 3728 588 3825 Apostolus
603 3727 648 3803 de
663 3727 859 3804 virtutibus
882 3720 1068 3798 contririis
1083 3736 1151 3791 no·

83 3829 257 3915 miravit·
298 3831 381 3931 Jaru
395 3828 529 3907 veroli
549 3829 658 4000 alipui
670 3847 718 3904 ex
732 3826 789 3905 his
807 3825 994 4023 ordinibup
994 3838 1086 3997 tpnug1
1085 3812 1150 3896 sub

643 3949 664 4002 2
1085 3957 1100 3976 .
