2498 4254
115 194 120 203 ·
252 165 330 245 nn
378 120 988 264 rnrncrrtrs,t1n.1v.'
1082 120 1161 273 aaa:

86 326 126 405 se
145 326 217 403 Dei
239 330 428 424 scripturas
448 352 524 405 non
551 331 618 405 ausr
642 330 748 425 sunt,
781 331 921 406 sedeas
950 332 1157 408 conditoris

88 428 163 504 Dei
176 432 268 503 illius
289 452 393 523 quem
410 431 521 528 Judaei
541 430 731 526 colebant,
756 444 946 527 putarunt:
973 455 1079 525 quem
1097 436 1155 526 J'u·

86 526 180 606 stum
205 530 483 622 tantummode,
509 552 585 604 non
611 529 718 607 etiam
744 534 880 605 bonum
902 532 999 606 credi
1019 533 1153 606 debere

87 627 398 703 existimaverunt:
421 629 648 706 salvatorem
667 650 759 704 vero
786 630 987 725 advenisse,
1013 643 1055 704 ut
1072 654 1153 727 per-

85 726 273 803 feiiiorem
291 730 396 803 nobis
416 730 648 805 annunciaret
664 729 807 823 Deum,
835 752 940 823 quem
954 745 1088 825 negant
1102 732 1152 804 es·

85 825 123 903 se
150 829 381 905 conditorem
411 830 556 922 mundi,
589 829 734 903 diversrs
768 831 875 905 etiam
903 832 948 907 de
974 831 1048 905 lroc
1072 829 1157 925 ipso

87 927 320 1022 opinionibus
342 926 560 1007 diffidentes:
586 928 755 1020 quoniam
777 931 918 1020 quidem
933 928 1038 1005 semel
1054 950 1155 1004 rect·

86 1022 214 1101 dentes
242 1049 262 1098 a
286 1024 356 1101 fide
381 1029 551 1101 creatoris
579 1028 650 1101 Dei
679 1030 739 1122 qui
763 1029 814 1103 est
838 1030 998 1105 omniurn
1022 1028 1151 1124 Deru,

85 1120 265 1221 figmentis
285 1126 320 1199 se
341 1128 449 1202 variis
472 1150 514 1201 ae
540 1126 668 1202 fabulis
691 1129 942 1221 tradiderunt,
970 1149 1152 1201 commen-

85 1237 205 1299 tantes
229 1227 409 1319 quaedam,
444 1228 478 1299 δι
503 1227 663 1303 dicentes
692 1229 759 1303 alia
780 1226 849 1303 elle
873 1227 1078 1301 visibilia&
1104 1230 1157 1301 ab·

86 1324 160 1400 alio
191 1323 305 1419 fana,
339 1327 404 1399 alia
428 1348 520 1398 vero
546 1328 704 1417 quadam
731 1328 918 1403 invisibilia
945 1328 979 1402 dt
1002 1328 1058 1403 ab·
1078 1327 1150 1400 alio

87 1422 261 1518 condita,
287 1440 398 1517 prout
416 1427 466 1499 eis
493 1428 615 1500 anima
639 1425 707 1501 suae
732 1428 911 1520 phantasia
936 1428 1150 1518 vanitasque

85 1520 300 1619 suggesserit.
326 1524 397 1598 Sed
407 1526 574 1599 nonnulli
592 1548 638 1599 ex
657 1526 928 1621 simplicioribus
939 1524 1074 1599 scilicet
1087 1547 1152 1598 eo-
1227 1560 1231 1571 ·

85 1642 168 1697 rum
181 1624 240 1713 qui
262 1624 353 1696 intra
373 1625 527 1699 ecclesiae
540 1622 649 1697 fidem
665 1626 844 1698 contineri
861 1626 1053 1717 videntur,
1078 1646 1156 1697 ma·

83 1721 205 1814 jorem
232 1722 373 1813 quidem
397 1740 562 1797 creatore
584 1724 668 1797 Deo
687 1726 823 1798 nullum
844 1722 913 1797 eise
936 1725 1150 1819 opinantur,

84 1820 220 1895 rectam
236 1824 274 1895 in
288 1823 361 1896 hoc
376 1835 543 1897 tenentes
561 1821 747 1916 sanamque
764 1822 996 1913 sententiam,
1022 1842 1153 1896 verum

86 1920 174 2002 talia
191 1920 236 1991 de
250 1944 296 1995 eo
312 1922 489 2014 sentiunt,
517 1943 593 2014 qua
608 1944 676 1994 nec
690 1922 735 1995 de
747 1924 868 2015 aliquo
883 1920 1100 2013 inJ‘ustillimo
1117 1918 1153 1994 dc

85 2018 309 2095 immitillrmo
324 2023 471 2097 homine
491 2018 671 2097 sentienda
690 2020 780 2098 suut

163 2141 196 2213 9.
223 2121 366 2195 Horum
383 2133 502 2196 autern
517 2122 677 2211 omniurn
700 2119 1052 2216 falsaeinteiligentiae
1073 2138 1154 2191 cau·

85 2216 122 2294 sa
134 2218 189 2292 his
208 2220 396 2313 dequibus
414 2218 706 2314 supradiximus,
731 2220 890 2293 nonalia
907 2219 1063 2311 exstitit,
1088 2217 1153 2291 nisr

88 2318 189 2409 quod
204 2318 319 2393 santia
335 2318 507 2413 scriptura
522 2321 565 2393 ab
583 2319 636 2393 his
654 2341 732 2392 non
750 2318 943 2393 secundum
960 2318 1152 2411 spiritalem

87 2415 236 2510 sensum,
264 2416 1011 2513 sedsecundumliteraesonumintelligitur.
1039 2416 1152 2507 Prop-

87 2534 145 2598 ter
171 2517 270 2613 quod
290 2520 499 2596 conabimur
521 2539 590 2618 pro
616 2519 868 2597 mediocritate
898 2516 1014 2593 sensus
1039 2513 1154 2689 apiastri

313 2774 741 2867 quanrrrrtrro
780 2797 930 2853 nova,

84 2920 227 2997 ritalem
248 2917 382 2993 sensum
398 2919 600 3010 intelleila,
625 2916 685 2991 sed
701 2916 891 2991 secundum
904 2914 1079 2989 literalem
1096 2933 1154 2989 ac·
1225 2904 1242 2936 '⁸

88 3034 206 3112 cepta.
245 3022 479 3122 Quapropter
491 3021 532 3092 iis
549 3020 608 3111 qui
622 3014 819 3110 persuasum
834 3017 968 3089 habent
982 3013 1100 3086 sacros
1113 3013 1153 3083 li-

86 3120 176 3194 bros
190 3142 266 3193 non
280 3112 464 3196 hominum
478 3118 547 3193 elle
561 3116 854 3208 commentarios,
882 3113 942 3187 sad
955 3111 1061 3186 santii
1076 3111 1153 3204 Spi·

87 3220 179 3294 ritus
196 3219 336 3307 afflatu,
362 3222 554 3291 voluntate
570 3218 641 3289 Dei
655 3216 812 3308 parentis
824 3211 1073 3287 universorum
1086 3228 1154 3303 per

87 3316 205 3418 Jesum
221 3317 397 3413 Christum
410 3317 561 3411 scriptos
575 3316 644 3390 eise
660 3314 694 3387 dt
708 3316 752 3389 ad
764 3335 833 3387 nos
847 3308 1062 3406 pervenisse,
1084 3330 1154 3402 qua

89 3419 151 3494 via
163 3417 203 3489 in
223 3440 349 3490 eorum
368 3418 523 3490 letiione
541 3414 764 3490 insistendum
780 3410 849 3485 elle
865 3410 972 3484 nobis
986 3410 1152 3483 videatur

89 3516 248 3595 indicare
272 3518 508 3609 conabimur,
542 3515 681 3593 servata
701 3510 846 3587 caelestis
864 3508 1057 3587 secundum
1078 3507 1153 3583 suc·

93 3615 281 3691 ceffionem
297 3616 561 3710 Apostolorum
575 3614 742 3687 Ecclesrae
762 3609 844 3706 Jesu
865 3608 993 3683 Christi
1017 3609 1151 3703 regula.

93 3711 144 3789 Et
160 3712 227 3788 elle
244 3718 385 3809 quidem
407 3714 571 3807 mysticas
588 3712 755 3807 quasdam
773 3707 1046 3802 dispensationes
1066 3715 1152 3797 quat

91 3813 225 3893 divinae
239 3812 419 3917 scripturae
431 3816 603 3910 indicant,
613 3813 737 4013 ³{etiarm
749 3810 978 3913 simpliciores
994 3804 1153 3977 fidpppm
