2498 4254
279 141 399 218 Μ)-
426 80 655 261 M'Axnr
677 136 716 216 r
737 140 772 217 n
793 138 813 215 1
835 124 1001 263 unt*
1074 144 1152 237 ⁶17·

79 306 175 385 desse
192 307 255 400 qui
270 260 474 389 uniuersum
494 304 667 379 mundum
684 302 881 379 sonsmilem
898 300 958 377 sua
976 298 1082 396 ipsius
1092 306 1157 396 ju·
1207 266 1209 278 ,

79 409 177 485 &ura
194 409 351 479 lucratur
365 405 493 492 suerit:
519 406 653 495 quique
667 404 848 503 propriam
864 401 972 476 semei
990 405 1144 479 animam
1171 475 1179 493 ,

77 506 295 606 perdiderit,
336 505 462 597 eJ'usve
492 503 748 577 detrimentum
775 502 925 594 fecerit,
961 522 1044 575 eum
1070 510 1143 576 nec
1214 576 1216 581 .

79 605 253 683 mundum
272 600 501 693 universum,
527 602 553 675 sr
572 603 729 674 lucratus
749 602 849 674 illum
865 600 929 692 sit,
954 599 1056 694 polle
1074 622 1143 696 pro

80 703 200 780 amiila
232 706 348 776 anima
375 703 699 785 commutationem
728 701 825 774 dare.
876 698 942 781 Est
964 702 1060 775 enirn
1083 704 1147 775 ille

79 808 190 879 rebus
207 805 374 876 omnibus
397 800 589 895 pretiosior
604 821 681 891 quae
699 800 743 873 ad
762 801 833 872 Dei
848 800 1036 894 imaginem
1051 820 1145 873 con-

82 904 159 977 dita
181 900 241 976 est.
295 900 399 974 Unus
417 902 478 973 ille
503 903 627 992 potuit
655 920 723 993 pro
748 895 866 971 amissa
898 901 995 992 prius
1026 902 1144 995 anima

82 1001 205 1076 nollra
224 994 547 1074 commutationem
567 1000 651 1073 dare
670 1000 730 1092 qui
742 998 876 1097 pretioso
900 1019 980 1072 nos,
988 999 1148 1094 sanguine
1217 1040 1219 1048 ,

85 1100 152 1176 suo
179 1101 342 1191 redemit.
1043 1132 1048 1137 ·

162 1222 218 1292 13.
248 1199 410 1290 itaquepsr
425 1197 568 1273 studiofi
585 1199 623 1271 in
639 1195 804 1293 Christo,
832 1196 865 1271 u
879 1198 952 1291 jani
969 1198 1158 1295 cognitio·-

84 1321 172 1375 nem
190 1301 285 1373 illam
305 1320 383 1389 quae
402 1320 456 1392 per
472 1300 622 1391 speculum
640 1298 692 1372 est
719 1299 808 1371 &in
831 1304 1014 1392 enigmate,
1042 1318 1149 1371 exce·
1229 1317 1245 1377 ¹,

86 1400 173 1473 dere
203 1398 343 1491 cupidi,
377 1402 580 1491 properetis
609 1398 759 1472 adeum
787 1401 848 1491 qui
874 1400 1028 1472 vocavit
1054 1417 1148 1490 vos,

86 1495 315 1593 cognoscetis
338 1511 510 1587 quantum
531 1520 610 1571 non
637 1490 820 1595 cognostis
844 1518 1036 1590 unquam,
1061 1495 1153 1587 facie

86 1619 221 1689 nempe
248 1597 446 1688 adfaciem,
484 1611 527 1669 ut
549 1598 660 1670 Patris
685 1595 832 1669 caelestis
862 1598 977 1672 amici
1029 1595 1151 1668 Amici

88 1699 185 1770 enim
204 1694 363 1770 videndo
383 1697 418 1767 δι
434 1718 512 1769 non
537 1716 601 1790 per
619 1699 804 1791 enigmata
820 1694 960 1767 discunt
976 1707 1039 1767 aut
1054 1695 1151 1767 nuda

73 1816 251 1893 xrocunr,
284 1799 346 1867 vel
372 1793 592 1883 dislion'um,
626 1797 687 1868 vel
712 1793 913 1892 lignorum,
939 1796 1001 1866 vel
1023 1791 1154 1890 figura-

86 1913 168 1967 rum
187 1894 376 1985 sapientia,
402 1893 462 1966 sed
477 1894 753 1991 intelligibilium
768 1900 886 1967 reruin
904 1905 1067 1968 naturam
1079 1903 1153 1964 *aut
1230 1914 1232 1923 ¹

90 1994 254 2066 veritatis
278 1993 555 2086 pulcritudinem
574 1995 766 2090 attingunt.
799 1993 836 2066 si
850 1995 1008 2066 creditur
1021 1991 1152 2065 Paulus

89 2096 132 2164 ad
156 2097 291 2162 tertium
314 2093 419 2162 caelum
441 2090 674 2185 ramusello,
710 2093 744 2165 dt
767 2090 898 2165 audilse
917 2117 1035 2162 arcana
1058 2092 1156 2175 verbo

90 2215 161 2293 quae
175 2215 240 2262 non
255 2192 328 2261 licet
344 2195 467 2262 homini
480 2193 589 2286 loqui,
616 2190 882 2297 consequenter
892 2194 1099 2287 intelligetis
1111 2192 1157 2261 iis

92 2311 173 2384 quae
192 2303 281 2364 tunc
302 2289 414 2364 Paulo
434 2293 597 2364 revelata
623 2290 726 2384 sunt,
760 2293 899 2365 arcanis
923 2293 1043 2364 verbis
1059 2287 1157 2384 ¹post
1236 2301 1243 2314 ·

92 2412 173 2483 quoe
189 2412 210 2464 e
228 2392 338 2464 tertio
355 2392 446 2463 caelo
457 2388 661 2482 descendit,
686 2393 789 2485 plura
809 2389 927 2479 vot&
941 2391 1077 2483 majore
1091 2386 1159 2462 sta·

91 2494 159 2562 tim
183 2488 254 2564 esse
273 2492 511 2586 cognituros,
536 2510 607 2564 nec
625 2487 857 2563 descensuros
876 2489 958 2583 post
977 2490 1075 2563 illam
1094 2508 1163 2586 cos·

91 2590 315 2685 gnitionem,
340 2589 367 2663 si
387 2589 505 2682 Jesum
525 2589 662 2663 sublata
677 2609 786 2663 cruce
805 2588 1022 2681 sequamini,
1048 2607 1158 2680 quem

94 2689 242 2758 habemur
278 2688 460 2778 Pontificem
488 2710 641 2784 magnum
670 2696 727 2786 qui
747 2694 936 2783 penetravit
961 2688 1056 2758 calos.
1107 2683 1185 2777 Et„

95 2806 169 2860 vor
186 2789 309 2876 itaque
326 2784 353 2858 si
372 2788 417 2860 ab
437 2788 513 2879 ejus
535 2790 712 2860 comitatu
732 2806 811 2859 non
831 2785 1068 2876 recesseritis,
1093 2806 1160 2879 pe·

95 2884 437 2976 detumescens,
463 2906 540 2958 non
559 2885 738 2958 terrestria
754 2899 895 2959 tanturn
918 2884 1084 2978 mysteria
1097 2883 1161 2959 sed

98 2986 209 3057 caelos
222 2985 330 3056 etiam
341 2981 693 3076 &caelestiaquaeque
706 2977 925 3077 superantes.
942 3004 948 3019 ··
960 2984 1052 3057 Sunt
1062 2984 1161 3058 enim

96 3088 137 3160 in
160 3082 247 3155 Deo
262 3085 366 3156 velut
384 3084 422 3156 in
441 3082 609 3161 thesauro
627 3083 819 3157 recondita
841 3085 958 3157 multo
978 3083 1033 3157 liis
1051 3083 1163 3175 ωηο-

97 3206 138 3258 ra
153 3179 370 3278 spectacula,
396 3202 475 3274 que
492 3185 590 3256 nulla
603 3183 779 3258 inherens
795 3184 943 3277 corpori
958 3195 1085 3256 natura
1102 3201 1161 3255 cr·
1191 3224 1193 3231 ι

98 3304 188 3381 pere
211 3279 350 3375 potest,
376 3281 441 3355 nili
462 3283 602 3376 priora
629 3301 789 3375 corpore
813 3280 955 3356 secreta,
973 3281 1025 3356 sit.
1075 3279 1184 3366 Nec¹

100 3386 199 3458 enim
219 3381 348 3455 dubito
366 3381 420 3454 hir
444 3402 522 3473 que
546 3380 600 3454 sol
622 3382 743 3475 videt,
769 3400 847 3472 quae
874 3381 959 3454 luna
982 3402 1060 3475 quae
1077 3376 1167 3453 side·

101 3503 181 3556 rum
208 3481 364 3571 chorus,
389 3482 501 3555 imino
530 3501 609 3572 quae
628 3479 762 3570 chorus
786 3477 986 3559 saneiorum
1001 3476 1165 3575 Angelo-

102 3601 182 3656 rum
204 3601 296 3671 quos
315 3577 405 3652 fecit
425 3580 528 3653 Deus
542 3580 693 3676 spirirum
709 3580 749 3656 ὕ
759 3578 923 3676 flammam
937 3583 1020 3674 ignis
1044 3583 1162 3654 multo

104 3681 240 3774 majora
268 3677 471 3752 recondere
503 3679 596 3775 apud
624 3676 691 3772 se,
729 3679 764 3752 δι
801 3675 984 3753 reservare
1020 3678 1165 3768 Deum,
1208 3696 1212 3702 ·

106 3801 185 3876 quae
204 3792 294 3854 tunc
317 3779 513 3875 exhibeat,
539 3800 622 3859 cum
650 3785 751 3850 omnis
778 3795 921 3853 cremara
941 3780 1077 3853 literato
1091 3776 1168 3867 sue-

619 3876 772 4019 ·Qit
868 3958 877 3983 ,
1071 3882 1171 4020 m·
