<?xml version="1.0" encoding="UTF-8"?>
<!DOCTYPE html PUBLIC "-//W3C//DTD XHTML 1.0 Transitional//EN"
    "http://www.w3.org/TR/xhtml1/DTD/xhtml1-transitional.dtd">
<html xmlns="http://www.w3.org/1999/xhtml" xml:lang="en" lang="en">
 <head>
  <title>
</title>
<meta http-equiv="Content-Type" content="text/html;charset=utf-8" />
  <meta name='ocr-system' content='tesseract 3.04.00' />
  <meta name='ocr-capabilities' content='ocr_page ocr_carea ocr_par ocr_line ocrx_word'/>
</head>
<body>
  <div class='ocr_page' id='page_1' title='image "./operaomniasanct08unkngoog_0333.png"; bbox 0 0 2498 4254; ppageno 0'>
   <div class='ocr_carea' id='block_1_1' title="bbox 122 144 1173 415">
    <p class='ocr_par' dir='ltr' id='par_1_1' title="bbox 122 144 1173 411">
     <span class='ocr_line' id='line_1_1' title="bbox 292 144 1173 249; baseline 0 -16"><span class='ocrx_word' id='word_1_1' title='bbox 292 152 370 233; x_wconf 83' lang='lat' dir='ltr'>DE</span> <span class='ocrx_word' id='word_1_2' title='bbox 418 144 1173 249; x_wconf 69' lang='lat' dir='ltr'>PRINOEP118,2L11³.1V.&#39;301</span> 
     </span>
     <span class='ocr_line' id='line_1_2' title="bbox 122 336 1171 415; baseline -0.01 -3"><span class='ocrx_word' id='word_1_3' title='bbox 122 336 1171 415; x_wconf 41' lang='grc' dir='ltr'>«ψη-*πω</span> 
     </span>
    </p>
   </div>
   <div class='ocr_carea' id='block_1_2' title="bbox 217 468 1084 681">
    <p class='ocr_par' dir='ltr' id='par_1_2' title="bbox 217 468 1084 681">
     <span class='ocr_line' id='line_1_3' title="bbox 217 468 1084 681; baseline -0.004 -56"><span class='ocrx_word' id='word_1_4' title='bbox 217 468 525 626; x_wconf 77' lang='lat' dir='ltr'>nrunn</span> <span class='ocrx_word' id='word_1_5' title='bbox 589 512 1084 681; x_wconf 75' lang='lat' dir='ltr'>ounnruu</span> 
     </span>
    </p>
   </div>
   <div class='ocr_carea' id='block_1_3' title="bbox 315 750 1009 829">
    <p class='ocr_par' dir='ltr' id='par_1_3' title="bbox 315 750 1009 829">
     <span class='ocr_line' id='line_1_4' title="bbox 315 750 1009 829; baseline -0.006 0"><span class='ocrx_word' id='word_1_6' title='bbox 315 753 504 829; x_wconf 84' lang='lat' dir='ltr'>Rurrnr</span> <span class='ocrx_word' id='word_1_7' title='bbox 539 750 1009 828; x_wconf 79' lang='lat' dir='ltr'>Iurrnrnrrnrro.</span> 
     </span>
    </p>
   </div>
   <div class='ocr_carea' id='block_1_4' title="bbox 246 935 1056 1045">
    <p class='ocr_par' dir='ltr' id='par_1_4' title="bbox 246 935 1056 1045">
     <span class='ocr_line' id='line_1_5' title="bbox 246 935 1056 1045; baseline -0.004 -37"><span class='ocrx_word' id='word_1_8' title='bbox 246 939 342 1032; x_wconf 69' lang='lat' dir='ltr'>Quoi</span> <span class='ocrx_word' id='word_1_9' title='bbox 373 938 550 1032; x_wconf 76' lang='lat' dir='ltr'><em>Scriptura</em></span> <span class='ocrx_word' id='word_1_10' title='bbox 578 937 742 1007; x_wconf 77' lang='lat' dir='ltr'>divinitus</span> <span class='ocrx_word' id='word_1_11' title='bbox 774 935 935 1032; x_wconf 78' lang='lat' dir='ltr'>inspirata</span> <span class='ocrx_word' id='word_1_12' title='bbox 956 935 1056 1045; x_wconf 77' lang='lat' dir='ltr'>fini.¹</span> 
     </span>
    </p>
   </div>
   <div class='ocr_carea' id='block_1_5' title="bbox 73 1095 1219 2664">
    <p class='ocr_par' dir='ltr' id='par_1_5' title="bbox 117 1095 1175 1339">
     <span class='ocr_line' id='line_1_6' title="bbox 117 1095 1172 1189; baseline -0.001 -15"><span class='ocrx_word' id='word_1_13' title='bbox 117 1119 152 1175; x_wconf 88' lang='lat' dir='ltr'>r.</span> <span class='ocrx_word' id='word_1_14' title='bbox 271 1117 371 1171; x_wconf 87' lang='lat' dir='ltr'>erum</span> <span class='ocrx_word' id='word_1_15' title='bbox 391 1096 561 1189; x_wconf 88' lang='lat' dir='ltr'>quoniam</span> <span class='ocrx_word' id='word_1_16' title='bbox 585 1095 630 1171; x_wconf 91' lang='lat' dir='ltr'>de</span> <span class='ocrx_word' id='word_1_17' title='bbox 654 1098 763 1170; x_wconf 86' lang='lat' dir='ltr'>tantis</span> <span class='ocrx_word' id='word_1_18' title='bbox 784 1096 819 1171; x_wconf 72' lang='grc' dir='ltr'>δι</span> <span class='ocrx_word' id='word_1_19' title='bbox 837 1095 967 1169; x_wconf 81' lang='lat' dir='ltr'>talibus</span> <span class='ocrx_word' id='word_1_20' title='bbox 984 1096 1091 1169; x_wconf 82' lang='lat' dir='ltr'>rebus</span> <span class='ocrx_word' id='word_1_21' title='bbox 1108 1095 1172 1173; x_wconf 88' lang='lat' dir='ltr'>dis·</span> 
     </span>
     <span class='ocr_line' id='line_1_7' title="bbox 128 1102 1175 1339; baseline 0.001 -69"><span class='ocrx_word' id='word_1_22' title='bbox 128 1204 133 1215; x_wconf 92' lang='lat'>&#39;</span> <span class='ocrx_word' id='word_1_23' title='bbox 169 1102 270 1339; x_wconf 83' lang='lat' dir='ltr'>V</span> <span class='ocrx_word' id='word_1_24' title='bbox 295 1196 492 1271; x_wconf 86' lang='lat' dir='ltr'>serentibus</span> <span class='ocrx_word' id='word_1_25' title='bbox 517 1216 594 1269; x_wconf 94' lang='lat' dir='ltr'>non</span> <span class='ocrx_word' id='word_1_26' title='bbox 619 1194 746 1269; x_wconf 89' lang='lat' dir='ltr'>sufficit</span> <span class='ocrx_word' id='word_1_27' title='bbox 769 1194 930 1271; x_wconf 85' lang='lat' dir='ltr'>humanis</span> <span class='ocrx_word' id='word_1_28' title='bbox 959 1194 1112 1269; x_wconf 80' lang='lat' dir='ltr'>sensibus</span> <span class='ocrx_word' id='word_1_29' title='bbox 1137 1196 1175 1271; x_wconf 73' lang='lat' dir='ltr'>or</span> 
     </span>
    </p>

    <p class='ocr_par' dir='ltr' id='par_1_6' title="bbox 319 1292 1174 1379">
     <span class='ocr_line' id='line_1_8' title="bbox 319 1292 1174 1379; baseline 0.002 -10"><span class='ocrx_word' id='word_1_30' title='bbox 319 1298 500 1371; x_wconf 90' lang='lat' dir='ltr'>communi</span> <span class='ocrx_word' id='word_1_31' title='bbox 522 1292 719 1369; x_wconf 74' lang='lat' dir='ltr'>intelleiiui</span> <span class='ocrx_word' id='word_1_32' title='bbox 745 1294 910 1379; x_wconf 83' lang='lat' dir='ltr'>summam</span> <span class='ocrx_word' id='word_1_33' title='bbox 932 1295 986 1369; x_wconf 91' lang='lat' dir='ltr'>rei</span> <span class='ocrx_word' id='word_1_34' title='bbox 1010 1297 1174 1371; x_wconf 88' lang='lat' dir='ltr'>commit·</span> 
     </span>
    </p>

    <p class='ocr_par' dir='ltr' id='par_1_7' title="bbox 73 1394 1219 2661">
     <span class='ocr_line' id='line_1_9' title="bbox 112 1394 1173 1490; baseline -0.002 -17"><span class='ocrx_word' id='word_1_35' title='bbox 112 1414 222 1490; x_wconf 81' lang='lat' dir='ltr'>tere,</span> <span class='ocrx_word' id='word_1_36' title='bbox 252 1396 308 1487; x_wconf 76' lang='grc' dir='ltr'>δι,</span> <span class='ocrx_word' id='word_1_37' title='bbox 333 1410 374 1469; x_wconf 92' lang='lat' dir='ltr'>ut</span> <span class='ocrx_word' id='word_1_38' title='bbox 395 1400 444 1470; x_wconf 90' lang='lat' dir='ltr'>ita</span> <span class='ocrx_word' id='word_1_39' title='bbox 462 1396 637 1489; x_wconf 79' lang='lat' dir='ltr'>dixerim,</span> <span class='ocrx_word' id='word_1_40' title='bbox 666 1394 849 1468; x_wconf 79' lang='lat' dir='ltr'>visibiliter</span> <span class='ocrx_word' id='word_1_41' title='bbox 869 1395 914 1468; x_wconf 86' lang='lat' dir='ltr'>de</span> <span class='ocrx_word' id='word_1_42' title='bbox 939 1394 1173 1471; x_wconf 76' lang='lat' dir='ltr'>invisibilibus</span> 
     </span>
     <span class='ocr_line' id='line_1_10' title="bbox 113 1493 1174 1593; baseline 0.003 -26"><span class='ocrx_word' id='word_1_43' title='bbox 113 1498 384 1593; x_wconf 83' lang='lat' dir='ltr'>pronunciare,</span> <span class='ocrx_word' id='word_1_44' title='bbox 411 1493 611 1569; x_wconf 81' lang='lat' dir='ltr'>assumenda</span> <span class='ocrx_word' id='word_1_45' title='bbox 628 1496 735 1567; x_wconf 86' lang='lat' dir='ltr'>nobis</span> <span class='ocrx_word' id='word_1_46' title='bbox 757 1493 899 1569; x_wconf 85' lang='lat' dir='ltr'>suntad</span> <span class='ocrx_word' id='word_1_47' title='bbox 920 1497 1174 1588; x_wconf 84' lang='lat' dir='ltr'>probationem</span> 
     </span>
     <span class='ocr_line' id='line_1_11' title="bbox 115 1594 1174 1688; baseline 0.002 -16"><span class='ocrx_word' id='word_1_48' title='bbox 115 1599 248 1672; x_wconf 88' lang='lat' dir='ltr'>horum</span> <span class='ocrx_word' id='word_1_49' title='bbox 272 1617 348 1687; x_wconf 88' lang='lat' dir='ltr'>quae</span> <span class='ocrx_word' id='word_1_50' title='bbox 369 1595 546 1686; x_wconf 81' lang='lat' dir='ltr'>dicimus,</span> <span class='ocrx_word' id='word_1_51' title='bbox 579 1594 685 1667; x_wconf 89' lang='lat' dir='ltr'>etiam</span> <span class='ocrx_word' id='word_1_52' title='bbox 704 1594 904 1667; x_wconf 83' lang='lat' dir='ltr'>divinarum</span> <span class='ocrx_word' id='word_1_53' title='bbox 922 1594 1174 1688; x_wconf 84' lang='lat' dir='ltr'>scripturarum</span> 
     </span>
     <span class='ocr_line' id='line_1_12' title="bbox 114 1692 1173 1792; baseline 0.002 -23"><span class='ocrx_word' id='word_1_54' title='bbox 114 1693 330 1770; x_wconf 85' lang='lat' dir='ltr'>testimonia</span> <span class='ocrx_word' id='word_1_55' title='bbox 394 1696 486 1792; x_wconf 87' lang='lat' dir='ltr'>Quae</span> <span class='ocrx_word' id='word_1_56' title='bbox 509 1692 711 1767; x_wconf 84' lang='lat' dir='ltr'>testimonia</span> <span class='ocrx_word' id='word_1_57' title='bbox 730 1710 773 1766; x_wconf 91' lang='lat' dir='ltr'>ut</span> <span class='ocrx_word' id='word_1_58' title='bbox 796 1708 928 1766; x_wconf 87' lang='lat' dir='ltr'>certam</span> <span class='ocrx_word' id='word_1_59' title='bbox 948 1694 984 1764; x_wconf 70' lang='grc' dir='ltr'>δι</span> <span class='ocrx_word' id='word_1_60' title='bbox 997 1697 1173 1771; x_wconf 82' lang='lat' dir='ltr'>indubita-</span> 
     </span>
     <span class='ocr_line' id='line_1_13' title="bbox 99 1791 1172 1892; baseline 0.002 -24"><span class='ocrx_word' id='word_1_61' title='bbox 99 1808 192 1868; x_wconf 78' lang='lat' dir='ltr'>¹tam</span> <span class='ocrx_word' id='word_1_62' title='bbox 209 1791 316 1868; x_wconf 89' lang='lat' dir='ltr'>fidem</span> <span class='ocrx_word' id='word_1_63' title='bbox 335 1793 525 1886; x_wconf 75' lang='lat' dir='ltr'>praestent,</span> <span class='ocrx_word' id='word_1_64' title='bbox 556 1792 662 1865; x_wconf 89' lang='lat' dir='ltr'>five</span> <span class='ocrx_word' id='word_1_65' title='bbox 652 1814 690 1864; x_wconf 88' lang='lat' dir='ltr'>m</span> <span class='ocrx_word' id='word_1_66' title='bbox 707 1793 761 1865; x_wconf 88' lang='lat' dir='ltr'>his</span> <span class='ocrx_word' id='word_1_67' title='bbox 782 1813 861 1884; x_wconf 86' lang='lat' dir='ltr'>quae</span> <span class='ocrx_word' id='word_1_68' title='bbox 879 1792 1029 1867; x_wconf 88' lang='lat' dir='ltr'>dicenda</span> <span class='ocrx_word' id='word_1_69' title='bbox 1043 1799 1172 1892; x_wconf 85' lang='lat' dir='ltr'>nobis,</span> 
     </span>
     <span class='ocr_line' id='line_1_14' title="bbox 115 1889 1174 1986; baseline 0.004 -20"><span class='ocrx_word' id='word_1_70' title='bbox 115 1896 194 1967; x_wconf 83' lang='lat' dir='ltr'>srve</span> <span class='ocrx_word' id='word_1_71' title='bbox 217 1916 293 1985; x_wconf 80' lang='lat' dir='ltr'>quae</span> <span class='ocrx_word' id='word_1_72' title='bbox 313 1896 384 1986; x_wconf 89' lang='lat' dir='ltr'>jam</span> <span class='ocrx_word' id='word_1_73' title='bbox 410 1890 500 1965; x_wconf 68' lang='lat' dir='ltr'>dieta</span> <span class='ocrx_word' id='word_1_74' title='bbox 521 1889 624 1976; x_wconf 86' lang='lat' dir='ltr'>sunt,</span> <span class='ocrx_word' id='word_1_75' title='bbox 656 1890 885 1965; x_wconf 85' lang='lat' dir='ltr'>necessarium</span> <span class='ocrx_word' id='word_1_76' title='bbox 904 1893 1002 1983; x_wconf 84' lang='lat' dir='ltr'>prius</span> <span class='ocrx_word' id='word_1_77' title='bbox 1027 1895 1174 1969; x_wconf 83' lang='lat' dir='ltr'>videtur</span> 
     </span>
     <span class='ocr_line' id='line_1_15' title="bbox 73 1988 1203 2091; baseline 0.004 -26"><span class='ocrx_word' id='word_1_78' title='bbox 73 1996 83 2009; x_wconf 68' lang='grc'><strong>“</strong></span> <span class='ocrx_word' id='word_1_79' title='bbox 118 1991 309 2065; x_wconf 87' lang='lat' dir='ltr'>ostendere</span> <span class='ocrx_word' id='word_1_80' title='bbox 332 1991 431 2084; x_wconf 90' lang='lat' dir='ltr'>quod</span> <span class='ocrx_word' id='word_1_81' title='bbox 453 1988 534 2083; x_wconf 84' lang='lat' dir='ltr'>ipsae</span> <span class='ocrx_word' id='word_1_82' title='bbox 554 1989 734 2083; x_wconf 80' lang='lat' dir='ltr'>scripture</span> <span class='ocrx_word' id='word_1_83' title='bbox 759 1991 889 2064; x_wconf 84' lang='lat' dir='ltr'>divinae</span> <span class='ocrx_word' id='word_1_84' title='bbox 909 1990 1003 2084; x_wconf 79' lang='lat' dir='ltr'>sint,</span> <span class='ocrx_word' id='word_1_85' title='bbox 1039 1993 1077 2066; x_wconf 94' lang='lat' dir='ltr'>id</span> <span class='ocrx_word' id='word_1_86' title='bbox 1097 1994 1174 2091; x_wconf 78' lang='lat' dir='ltr'>est,</span> <span class='ocrx_word' id='word_1_87' title='bbox 1201 2036 1203 2041; x_wconf 95' lang='lat'>·</span> 
     </span>
     <span class='ocr_line' id='line_1_16' title="bbox 115 2088 1177 2205; baseline 0.003 -39"><span class='ocrx_word' id='word_1_88' title='bbox 115 2090 192 2167; x_wconf 88' lang='lat' dir='ltr'>Dei</span> <span class='ocrx_word' id='word_1_89' title='bbox 217 2092 338 2189; x_wconf 90' lang='lat' dir='ltr'>spiritu</span> <span class='ocrx_word' id='word_1_90' title='bbox 360 2088 544 2183; x_wconf 80' lang='lat' dir='ltr'>inspiratae.</span> <span class='ocrx_word' id='word_1_91' title='bbox 606 2088 718 2185; x_wconf 88' lang='lat' dir='ltr'>Igitur</span> <span class='ocrx_word' id='word_1_92' title='bbox 741 2112 845 2182; x_wconf 89' lang='lat' dir='ltr'>quarn</span> <span class='ocrx_word' id='word_1_93' title='bbox 872 2092 1070 2205; x_wconf 82' lang='lat' dir='ltr'>poterimus</span> <span class='ocrx_word' id='word_1_94' title='bbox 1093 2094 1177 2169; x_wconf 69' lang='lat' dir='ltr'>bre:</span> 
     </span>
     <span class='ocr_line' id='line_1_17' title="bbox 118 2166 1219 2285; baseline 0.004 -22"><span class='ocrx_word' id='word_1_95' title='bbox 118 2193 217 2264; x_wconf 90' lang='lat' dir='ltr'>viter</span> <span class='ocrx_word' id='word_1_96' title='bbox 248 2192 355 2265; x_wconf 89' lang='lat' dir='ltr'>etiam</span> <span class='ocrx_word' id='word_1_97' title='bbox 387 2190 432 2264; x_wconf 90' lang='lat' dir='ltr'>de</span> <span class='ocrx_word' id='word_1_98' title='bbox 462 2191 536 2263; x_wconf 91' lang='lat' dir='ltr'>hoc</span> <span class='ocrx_word' id='word_1_99' title='bbox 573 2188 812 2285; x_wconf 79' lang='lat' dir='ltr'>assignabimus</span> <span class='ocrx_word' id='word_1_100' title='bbox 852 2211 899 2263; x_wconf 82' lang='lat' dir='ltr'>ex</span> <span class='ocrx_word' id='word_1_101' title='bbox 930 2166 1009 2284; x_wconf 84' lang='lat' dir='ltr'>rpsrs</span> <span class='ocrx_word' id='word_1_102' title='bbox 1043 2192 1175 2267; x_wconf 83' lang='lat' dir='ltr'>divinis</span> <span class='ocrx_word' id='word_1_103' title='bbox 1215 2220 1219 2227; x_wconf 80' lang='grc'>’</span> 
     </span>
     <span class='ocr_line' id='line_1_18' title="bbox 115 2290 1176 2402; baseline 0.005 -38"><span class='ocrx_word' id='word_1_104' title='bbox 115 2290 319 2384; x_wconf 78' lang='lat' dir='ltr'>scripturis,</span> <span class='ocrx_word' id='word_1_105' title='bbox 346 2311 423 2382; x_wconf 87' lang='lat' dir='ltr'>quae</span> <span class='ocrx_word' id='word_1_106' title='bbox 439 2310 508 2361; x_wconf 87' lang='lat' dir='ltr'>nos</span> <span class='ocrx_word' id='word_1_107' title='bbox 523 2301 772 2402; x_wconf 83' lang='lat' dir='ltr'>competenter</span> <span class='ocrx_word' id='word_1_108' title='bbox 790 2290 974 2363; x_wconf 85' lang='lat' dir='ltr'>moverint</span> <span class='ocrx_word' id='word_1_109' title='bbox 987 2291 1176 2383; x_wconf 85' lang='lat' dir='ltr'>proferen-</span> 
     </span>
     <span class='ocr_line' id='line_1_19' title="bbox 103 2386 1174 2485; baseline 0.005 -23"><span class='ocrx_word' id='word_1_110' title='bbox 103 2403 196 2482; x_wconf 81' lang='lat' dir='ltr'>tes,</span> <span class='ocrx_word' id='word_1_111' title='bbox 221 2390 258 2462; x_wconf 92' lang='lat' dir='ltr'>id</span> <span class='ocrx_word' id='word_1_112' title='bbox 279 2390 354 2483; x_wconf 85' lang='lat' dir='ltr'>est,</span> <span class='ocrx_word' id='word_1_113' title='bbox 382 2390 426 2461; x_wconf 89' lang='lat' dir='ltr'>de</span> <span class='ocrx_word' id='word_1_114' title='bbox 448 2386 580 2480; x_wconf 90' lang='lat' dir='ltr'>Moyse</span> <span class='ocrx_word' id='word_1_115' title='bbox 605 2391 722 2480; x_wconf 90' lang='lat' dir='ltr'>primo</span> <span class='ocrx_word' id='word_1_116' title='bbox 741 2391 942 2484; x_wconf 83' lang='lat' dir='ltr'>legislatore</span> <span class='ocrx_word' id='word_1_117' title='bbox 964 2392 1088 2485; x_wconf 86' lang='lat' dir='ltr'>gentis</span> <span class='ocrx_word' id='word_1_118' title='bbox 1100 2391 1174 2467; x_wconf 88' lang='lat' dir='ltr'>He-</span> 
     </span>
     <span class='ocr_line' id='line_1_20' title="bbox 117 2482 1174 2661; baseline 0.002 -98"><span class='ocrx_word' id='word_1_119' title='bbox 117 2490 245 2585; x_wconf 75' lang='lat' dir='ltr'>braea,</span> <span class='ocrx_word' id='word_1_120' title='bbox 277 2490 312 2562; x_wconf 71' lang='grc' dir='ltr'>δι</span> <span class='ocrx_word' id='word_1_121' title='bbox 332 2511 379 2563; x_wconf 85' lang='lat' dir='ltr'>ex</span> <span class='ocrx_word' id='word_1_122' title='bbox 401 2488 523 2563; x_wconf 77' lang='lat' dir='ltr'>verbis</span> <span class='ocrx_word' id='word_1_123' title='bbox 538 2482 621 2582; x_wconf 86' lang='lat' dir='ltr'>Jesu</span> <span class='ocrx_word' id='word_1_124' title='bbox 633 2486 762 2563; x_wconf 89' lang='lat' dir='ltr'>Christi</span> <span class='ocrx_word' id='word_1_125' title='bbox 778 2486 931 2563; x_wconf 72' lang='lat' dir='ltr'>artioris</span> <span class='ocrx_word' id='word_1_126' title='bbox 950 2489 993 2661; x_wconf 57' lang='grc' dir='ltr'>δὲ</span> <span class='ocrx_word' id='word_1_127' title='bbox 1004 2491 1174 2585; x_wconf 72' lang='lat' dir='ltr'>principis</span> 
     </span>
    </p>

    <p class='ocr_par' dir='ltr' id='par_1_8' title="bbox 994 2589 1127 2664">
     <span class='ocr_line' id='line_1_21' title="bbox 994 2589 1127 2664; baseline 0.017 -2"><span class='ocrx_word' id='word_1_128' title='bbox 994 2589 1127 2664; x_wconf 83' lang='lat' dir='ltr'>hristia-</span> 
     </span>
    </p>
   </div>
   <div class='ocr_carea' id='block_1_6' title="bbox 339 2746 951 2824">
    <p class='ocr_par' dir='ltr' id='par_1_9' title="bbox 339 2746 951 2824">
     <span class='ocr_line' id='line_1_22' title="bbox 339 2746 951 2824; baseline 0.002 -2"><span class='ocrx_word' id='word_1_129' title='bbox 339 2746 765 2824; x_wconf 77' lang='lat' dir='ltr'>Iurrrrnrrnrro</span> <span class='ocrx_word' id='word_1_130' title='bbox 804 2768 951 2824; x_wconf 80' lang='lat' dir='ltr'>noun</span> 
     </span>
    </p>
   </div>
   <div class='ocr_carea' id='block_1_7' title="bbox 72 2904 1228 3818">
    <p class='ocr_par' dir='ltr' id='par_1_10' title="bbox 72 2904 1228 3799">
     <span class='ocr_line' id='line_1_23' title="bbox 115 2904 1228 3011; baseline 0.005 -27"><span class='ocrx_word' id='word_1_131' title='bbox 115 2909 164 2984; x_wconf 82' lang='lat' dir='ltr'>de</span> <span class='ocrx_word' id='word_1_132' title='bbox 187 2908 241 2983; x_wconf 89' lang='lat' dir='ltr'>his</span> <span class='ocrx_word' id='word_1_133' title='bbox 267 2927 412 3002; x_wconf 88' lang='lat' dir='ltr'>quoque</span> <span class='ocrx_word' id='word_1_134' title='bbox 434 2928 548 3004; x_wconf 87' lang='lat' dir='ltr'>pauca</span> <span class='ocrx_word' id='word_1_135' title='bbox 563 2904 760 2983; x_wconf 82' lang='lat' dir='ltr'>summatim</span> <span class='ocrx_word' id='word_1_136' title='bbox 781 2908 816 2981; x_wconf 68' lang='grc' dir='ltr'>δι</span> <span class='ocrx_word' id='word_1_137' title='bbox 834 2911 996 2984; x_wconf 80' lang='lat' dir='ltr'>breuiter</span> <span class='ocrx_word' id='word_1_138' title='bbox 1022 2909 1174 3011; x_wconf 80' lang='lat' dir='ltr'>disputo·</span> <span class='ocrx_word' id='word_1_139' title='bbox 1225 2966 1228 2973; x_wconf 89' lang='lat'>-</span> 
     </span>
     <span class='ocr_line' id='line_1_24' title="bbox 114 3010 1175 3126; baseline 0.001 -42"><span class='ocrx_word' id='word_1_140' title='bbox 114 3031 222 3126; x_wconf 77' lang='lat' dir='ltr'>xnus,</span> <span class='ocrx_word' id='word_1_141' title='bbox 248 3023 499 3102; x_wconf 87' lang='lat' dir='ltr'>proponentes</span> <span class='ocrx_word' id='word_1_142' title='bbox 520 3030 564 3082; x_wconf 90' lang='lat' dir='ltr'>ea</span> <span class='ocrx_word' id='word_1_143' title='bbox 577 3026 655 3101; x_wconf 80' lang='lat' dir='ltr'>quae</span> <span class='ocrx_word' id='word_1_144' title='bbox 670 3028 738 3080; x_wconf 87' lang='lat' dir='ltr'>nos</span> <span class='ocrx_word' id='word_1_145' title='bbox 759 3022 914 3081; x_wconf 86' lang='lat' dir='ltr'>movent</span> <span class='ocrx_word' id='word_1_146' title='bbox 929 3024 971 3083; x_wconf 91' lang='lat' dir='ltr'>ut</span> <span class='ocrx_word' id='word_1_147' title='bbox 995 3030 1065 3104; x_wconf 90' lang='lat' dir='ltr'>pro</span> <span class='ocrx_word' id='word_1_148' title='bbox 1084 3010 1175 3085; x_wconf 87' lang='lat' dir='ltr'>divi·</span> 
     </span>
     <span class='ocr_line' id='line_1_25' title="bbox 115 3107 1175 3203; baseline 0.005 -21"><span class='ocrx_word' id='word_1_149' title='bbox 115 3111 173 3183; x_wconf 87' lang='lat' dir='ltr'>nis</span> <span class='ocrx_word' id='word_1_150' title='bbox 190 3108 302 3181; x_wconf 87' lang='lat' dir='ltr'>literis</span> <span class='ocrx_word' id='word_1_151' title='bbox 323 3108 399 3181; x_wconf 83' lang='lat' dir='ltr'>illas</span> <span class='ocrx_word' id='word_1_152' title='bbox 419 3107 620 3182; x_wconf 82' lang='lat' dir='ltr'>habeamus</span> <span class='ocrx_word' id='word_1_153' title='bbox 672 3107 809 3181; x_wconf 85' lang='lat' dir='ltr'>Verum</span> <span class='ocrx_word' id='word_1_154' title='bbox 827 3122 1014 3200; x_wconf 87' lang='lat' dir='ltr'>antequam</span> <span class='ocrx_word' id='word_1_155' title='bbox 1031 3112 1074 3183; x_wconf 88' lang='lat' dir='ltr'>ab</span> <span class='ocrx_word' id='word_1_156' title='bbox 1094 3110 1175 3203; x_wconf 77' lang='lat' dir='ltr'>ipfir</span> 
     </span>
     <span class='ocr_line' id='line_1_26' title="bbox 72 3204 1175 3301; baseline 0.003 -19"><span class='ocrx_word' id='word_1_157' title='bbox 72 3236 80 3257; x_wconf 54' lang='grc' dir='ltr'>ι</span> <span class='ocrx_word' id='word_1_158' title='bbox 115 3206 299 3300; x_wconf 83' lang='lat' dir='ltr'>scripturis</span> <span class='ocrx_word' id='word_1_159' title='bbox 324 3207 404 3280; x_wconf 70' lang='grc' dir='ltr'>δι’</span> <span class='ocrx_word' id='word_1_160' title='bbox 381 3228 423 3280; x_wconf 81' lang='grc' dir='ltr'>ιιι</span> <span class='ocrx_word' id='word_1_161' title='bbox 445 3229 522 3299; x_wconf 88' lang='lat' dir='ltr'>quae</span> <span class='ocrx_word' id='word_1_162' title='bbox 542 3207 579 3278; x_wconf 93' lang='lat' dir='ltr'>in</span> <span class='ocrx_word' id='word_1_163' title='bbox 596 3204 675 3299; x_wconf 83' lang='lat' dir='ltr'>ipsis</span> <span class='ocrx_word' id='word_1_164' title='bbox 696 3206 946 3301; x_wconf 80' lang='lat' dir='ltr'>declarantur,</span> <span class='ocrx_word' id='word_1_165' title='bbox 971 3210 1175 3285; x_wconf 71' lang='lat' dir='ltr'>testimonia</span> 
     </span>
     <span class='ocr_line' id='line_1_27' title="bbox 113 3302 1175 3403; baseline 0.003 -24"><span class='ocrx_word' id='word_1_166' title='bbox 113 3304 369 3403; x_wconf 83' lang='lat' dir='ltr'>proferamus,</span> <span class='ocrx_word' id='word_1_167' title='bbox 397 3306 441 3379; x_wconf 93' lang='lat' dir='ltr'>de</span> <span class='ocrx_word' id='word_1_168' title='bbox 456 3302 588 3398; x_wconf 88' lang='lat' dir='ltr'>Moyse</span> <span class='ocrx_word' id='word_1_169' title='bbox 608 3304 642 3377; x_wconf 75' lang='lat' dir='ltr'>ot</span> <span class='ocrx_word' id='word_1_170' title='bbox 665 3306 708 3378; x_wconf 90' lang='lat' dir='ltr'>de</span> <span class='ocrx_word' id='word_1_171' title='bbox 724 3304 805 3400; x_wconf 90' lang='lat' dir='ltr'>Jesu</span> <span class='ocrx_word' id='word_1_172' title='bbox 828 3304 994 3399; x_wconf 82' lang='lat' dir='ltr'>Christo,</span> <span class='ocrx_word' id='word_1_173' title='bbox 1020 3326 1175 3400; x_wconf 84' lang='lat' dir='ltr'>quorum</span> 
     </span>
     <span class='ocr_line' id='line_1_28' title="bbox 114 3404 1176 3501; baseline 0.003 -22"><span class='ocrx_word' id='word_1_174' title='bbox 114 3409 208 3479; x_wconf 80' lang='lat' dir='ltr'>alter</span> <span class='ocrx_word' id='word_1_175' title='bbox 224 3406 460 3478; x_wconf 68' lang='lat' dir='ltr'>Hebraeorum</span> <span class='ocrx_word' id='word_1_176' title='bbox 476 3407 677 3501; x_wconf 79' lang='lat' dir='ltr'>legislator,</span> <span class='ocrx_word' id='word_1_177' title='bbox 705 3405 795 3478; x_wconf 84' lang='lat' dir='ltr'>alter</span> <span class='ocrx_word' id='word_1_178' title='bbox 807 3404 1007 3481; x_wconf 86' lang='lat' dir='ltr'>salutarium</span> <span class='ocrx_word' id='word_1_179' title='bbox 1021 3406 1176 3482; x_wconf 65' lang='lat' dir='ltr'>christid-</span> 
     </span>
     <span class='ocr_line' id='line_1_29' title="bbox 114 3502 1176 3600; baseline 0.001 -21"><span class='ocrx_word' id='word_1_180' title='bbox 114 3525 172 3579; x_wconf 79' lang='lat' dir='ltr'>nae</span> <span class='ocrx_word' id='word_1_181' title='bbox 183 3504 366 3600; x_wconf 87' lang='lat' dir='ltr'>religionis</span> <span class='ocrx_word' id='word_1_182' title='bbox 377 3505 678 3586; x_wconf 87' lang='lat' dir='ltr'>documentorum</span> <span class='ocrx_word' id='word_1_183' title='bbox 691 3503 813 3576; x_wconf 78' lang='lat' dir='ltr'>enitor</span> <span class='ocrx_word' id='word_1_184' title='bbox 822 3502 892 3597; x_wconf 90' lang='lat' dir='ltr'>est</span> <span class='ocrx_word' id='word_1_185' title='bbox 918 3508 995 3579; x_wconf 83' lang='lat' dir='ltr'>haec</span> <span class='ocrx_word' id='word_1_186' title='bbox 1007 3506 1176 3580; x_wconf 86' lang='lat' dir='ltr'>nobisdi·</span> 
     </span>
     <span class='ocr_line' id='line_1_30' title="bbox 119 3600 1175 3681; baseline 0.005 -5"><span class='ocrx_word' id='word_1_187' title='bbox 119 3604 233 3677; x_wconf 89' lang='lat' dir='ltr'>cenda</span> <span class='ocrx_word' id='word_1_188' title='bbox 261 3602 352 3679; x_wconf 92' lang='lat' dir='ltr'>sunt</span> <span class='ocrx_word' id='word_1_189' title='bbox 405 3602 495 3677; x_wconf 90' lang='lat' dir='ltr'>Cum</span> <span class='ocrx_word' id='word_1_190' title='bbox 528 3605 621 3677; x_wconf 90' lang='lat' dir='ltr'>enim</span> <span class='ocrx_word' id='word_1_191' title='bbox 646 3606 739 3676; x_wconf 87' lang='lat' dir='ltr'>inter</span> <span class='ocrx_word' id='word_1_192' title='bbox 765 3600 912 3677; x_wconf 74' lang='lat' dir='ltr'>Grecos</span> <span class='ocrx_word' id='word_1_193' title='bbox 938 3602 973 3678; x_wconf 73' lang='grc' dir='ltr'>δι</span> <span class='ocrx_word' id='word_1_194' title='bbox 996 3604 1175 3681; x_wconf 73' lang='lat' dir='ltr'>Barbaros</span> 
     </span>
     <span class='ocr_line' id='line_1_31' title="bbox 120 3703 1177 3818; baseline 0.007 -44"><span class='ocrx_word' id='word_1_195' title='bbox 120 3703 366 3798; x_wconf 85' lang='lat' dir='ltr'>quamplurimi</span> <span class='ocrx_word' id='word_1_196' title='bbox 384 3703 583 3777; x_wconf 87' lang='lat' dir='ltr'>exstiterint</span> <span class='ocrx_word' id='word_1_197' title='bbox 595 3705 871 3818; x_wconf 43' lang='lat' dir='ltr'>legumlatorem</span> <span class='ocrx_word' id='word_1_198' title='bbox 899 3704 1097 3778; x_wconf 79' lang='lat' dir='ltr'>doitores</span> <span class='ocrx_word' id='word_1_199' title='bbox 1086 3717 1177 3781; x_wconf 77' lang='lat' dir='ltr'>rtem</span> 
     </span>
    </p>
   </div>
   <div class='ocr_carea' id='block_1_8' title="bbox 120 3798 1176 3980">
    <p class='ocr_par' dir='ltr' id='par_1_11' title="bbox 120 3798 1176 3980">
     <span class='ocr_line' id='line_1_32' title="bbox 120 3798 1176 3974; baseline 0.015 -95"><span class='ocrx_word' id='word_1_200' title='bbox 120 3802 182 3898; x_wconf 84' lang='lat' dir='ltr'>qui</span> <span class='ocrx_word' id='word_1_201' title='bbox 205 3805 368 3958; x_wconf 72' lang='lat' dir='ltr'>veritatis</span> <span class='ocrx_word' id='word_1_202' title='bbox 396 3805 564 3895; x_wconf 70' lang='lat' dir='ltr'>notitam</span> <span class='ocrx_word' id='word_1_203' title='bbox 591 3798 659 3885; x_wconf 85' lang='lat' dir='ltr'>iuis</span> <span class='ocrx_word' id='word_1_204' title='bbox 680 3804 869 3903; x_wconf 69' lang='lat' dir='ltr'>preceptis</span> <span class='ocrx_word' id='word_1_205' title='bbox 893 3806 1176 3974; x_wconf 59' lang='lat' dir='ltr'>9⁰¹¹i⁰e{{{¹m⁸&#39;</span> 
     </span>
     <span class='ocr_line' id='line_1_33' title="bbox 996 3918 1152 3980; baseline 0.019 -9"><span class='ocrx_word' id='word_1_206' title='bbox 996 3922 1034 3980; x_wconf 59' lang='lat' dir='ltr'>u</span> <span class='ocrx_word' id='word_1_207' title='bbox 1074 3918 1152 3973; x_wconf 62' lang='lat' dir='ltr'>m</span> 
     </span>
    </p>
   </div>
   <div class='ocr_carea' id='block_1_9' title="bbox 0 0 1256 4254">
    <p class='ocr_par' dir='ltr' id='par_1_12' title="bbox 0 0 1256 4254">
     <span class='ocr_line' id='line_1_34' title="bbox 0 0 1256 4254; baseline 0 0"><span class='ocrx_word' id='word_1_208' title='bbox 0 0 1256 4254; x_wconf 95' lang='lat' dir='ltr'> </span> 
     </span>
    </p>
   </div>
  </div>
 </body>
</html>
