2498 4254
90 169 140 269 '⁷⁶
408 135 814 248 orroenrs

89 336 198 417 etiam
218 332 271 412 sol
293 333 412 411 dicere
434 333 516 427 quia
530 349 667 432 optarem
687 335 801 427 resolvi
821 334 885 409 vel
907 335 1008 411 retae
1031 335 1076 417 σ
1094 331 1153 434 ff

87 435 158 513 cam
185 437 328 537 Christo:
366 435 465 506 mutto
498 441 582 507 enim
606 438 725 509 melias.
776 431 828 509 Et
849 432 979 511 Paulus
1004 440 1149 535 quidem

90 538 206 615 addit:
230 540 293 611 Sed
314 558 494 635 permanere
516 540 554 605 in
575 562 667 607 carm
688 541 784 630 magis
803 538 1004 627 necessarium
1018 558 1148 639 propter

86 661 168 724 νοις
193 637 246 715 sol
261 658 354 712 vero
369 634 489 730 potest
502 636 639 711 dicere:
664 656 872 731 permanere
886 651 1006 713 autem
1019 640 1059 715 in
1072 638 1146 717 hoc

89 737 216 817 caelesti
233 736 400 813 &lucido
417 756 572 831 corpore
589 737 699 835 magis
718 734 950 811 necessarium·
954 792 968 834 ,
993 752 1144 835 propter

86 837 351 917 revelationem
375 834 529 912 filiorum
558 836 653 911 Dei..
691 835 826 910 Eadem
861 834 941 911 sane
968 840 1077 915 etiarn
1101 840 1142 915 de

86 940 173 1018 luna
189 940 222 1013 dt
239 938 344 1013 stellis
370 936 550 1012 sentienda
574 933 654 1011 sunt
678 937 713 1011 dr
739 936 898 1011 dicenda.
948 933 1140 1015 Videamus

87 1062 186 1115 nunc
207 1062 283 1132 qaae
299 1037 341 1111 srt
359 1040 463 1111 etiarn
482 1038 626 1111 libertas
649 1051 843 1130 creature,
868 1038 929 1110 vei
949 1060 1027 1130 quae
1048 1037 1139 1114 abso·
1174 1095 1178 1110 .

87 1142 181 1217 lutio
198 1138 388 1213 servitutis.
423 1136 512 1211 Cum
529 1138 713 1211 tradiderit
726 1136 882 1211 Christus
897 1158 1047 1235 regnum
1060 1136 1137 1214 D'eo

87 1240 124 1313 u
139 1238 253 1332 patri,
279 1250 368 1310 tunc
384 1238 489 1311 etiam
500 1236 565 1311 ista
579 1239 768 1311 animantia
782 1259 863 1310 cum
881 1238 978 1333 prius
994 1257 1136 1335 regnum

88 1336 218 1411 Christi
238 1337 372 1411 fuerint
395 1336 543 1431 effeto,
567 1337 666 1411 fimul
685 1360 767 1411 cum
792 1338 890 1410 omni
906 1339 1020 1433 regno
1039 1338 1135 1417 etiam

85 1436 182 1513 Patri
199 1439 378 1533 regnando
400 1436 604 1511 tradentur:
638 1452 679 1511 ut
704 1459 785 1511 cum
807 1436 910 1510 Deus
936 1438 1006 1510 erit
1025 1436 1139 1513 omnia·

84 1536 125 1612 in
140 1535 327 1631 omnibus,
354 1538 460 1612 etiarn
476 1536 538 1611 ista
554 1558 634 1612 cum
649 1539 718 1614 fint
738 1558 784 1613 ex
803 1536 969 1614 omnibus
989 1537 1033 1615 srt
1052 1536 1135 1615 &in
1170 1607 1178 1618 .

84 1634 159 1714 istis
175 1636 277 1713 Deus
297 1638 385 1713 sicut
399 1641 436 1712 in
451 1637 628 1715 omnibus.
1139 1651 1145 1669 ‘

391 1836 423 1913 C
447 1836 485 1913 A
507 1836 534 1913 P
560 1838 599 1913 U
623 1835 659 1912 T
708 1836 836 1915 VIII.

499 1996 552 2064 De
601 1991 740 2084 Angelis.

87 2164 121 2218 r.
148 2142 288 2319 §Initii
305 2161 450 2234 quoque
466 2142 608 2212 ratione
623 2140 729 2211 etiam
747 2138 791 2211 de
805 2134 955 2235 Angelis
972 2137 1137 2219 utendum
1171 2127 1178 2196 ’ἕ

147 2269 162 2315 ι
271 2254 358 2330 ιιιο,
393 2260 462 2311 nec
493 2238 760 2311 existimandum
794 2239 961 2331 quoniam
988 2238 1137 2314 fortrdto
1171 2273 1174 2284 ·

84 2341 243 2433 accidat,
268 2353 311 2411 ut
325 2340 374 2410 ilii
388 2334 532 2433 Angelo
548 2338 633 2411 iliud
647 2338 848 2434 injungatur
863 2335 1038 2413 officium:
1064 2344 1139 2416 ver'·

81 2438 120 2513 bi
150 2439 282 2536 gratia,
313 2450 356 2507 ut
380 2436 564 2530 Raphaelo
597 2437 743 2510 curandi
774 2438 997 2512 &medendi
1030 2460 1138 2536 opus,

82 2536 257 2612 Gabrieio
274 2537 451 2610 beliorum
463 2536 714 2629 providentia,
739 2536 924 2611 Michaeio
938 2540 1139 2615 mortarium

82 2657 209 2733 preces
229 2636 581 2735 supplicationesque
607 2656 741 2712 curare.
793 2636 881 2711 Haec
907 2638 1001 2713 enim
1028 2638 1140 2714 officia

79 2733 314 2835 promeruisse
335 2756 400 2808 eos
425 2757 501 2809 non
526 2735 628 2811 aliter
649 2736 845 2831 putandum
871 2736 941 2830 est,
970 2742 1078 2829 quam
1098 2756 1141 2814 ex

80 2836 149 2913 suis
165 2856 341 2927 quemque
362 2837 497 2909 meritis
515 2836 549 2909 &
572 2859 641 2932 pro
658 2836 776 2911 studiis
793 2859 833 2909 ac
850 2838 1046 2912 virtutibus
1066 2857 1141 2933 quo

81 2947 166 3010 ante
195 2934 317 3008 mundi
347 2934 451 3028 hujus
485 2957 693 3033 compagem
724 2935 912 3033 gesserint,
948 2934 1140 3033 suscepisse.

79 3033 177 3110 Tum
202 3033 330 3109 deinde
354 3034 390 3107 in
424 3037 671 3133 archangelico
704 3037 830 3110 ordine
854 3036 941 3110 illud
969 3041 1032 3112 vel
1056 3036 1141 3113 illud

82 3132 190 3207 officii
206 3156 316 3232 genus
333 3137 524 3228 unicuique
543 3137 771 3230 deputatum:
797 3138 885 3210 alios
902 3158 994 3211 vero
1012 3141 1051 3221 in
1069 3137 1142 3214 An·

105 3233 242 3309 erorum
270 3235 396 3309 ordine
421 3234 583 3310 meruisse
608 3236 779 3329 describi,
807 3237 841 3310 &
866 3257 969 3332 agere
990 3235 1055 3312 sub
1078 3240 1142 3313 ilio

119 3332 335 3433 rchange10,
360 3335 421 3409 vel
442 3336 506 3408 iilo
529 3336 641 3429 duce,
669 3340 731 3410 vel
746 3338 907 3429 principe
924 3338 1061 3411 ordinis
1080 3335 1142 3415 sui.

82 3434 174 3533 Quae
195 3435 316 3508 omnia
328 3433 391 3532 (ut
411 3434 504 3533 dixi)
522 3458 599 3509 non
619 3437 774 3510 fortuito
799 3449 905 3529 atque
926 3436 1142 3533 indiscrete,

80 3529 141 3607 sed
162 3533 332 3626 aptinmo
356 3534 586 3626 &justissimo
608 3536 679 3609 Dei
699 3536 836 3629 judicio
856 3535 1022 3611 ordinata
1037 3536 1143 3634 sunt,

81 3630 207 3725 &pro
229 3634 364 3707 meritis
392 3634 556 3729 disposita
578 3635 654 3731 ipso
669 3635 854 3729 judicante
877 3635 911 3709 dc
937 3640 1142 3734 probante,

79 3744 123 3807 ιιι
139 3732 188 3807 illi
207 3732 348 3825 quidem
364 3730 508 3831 Angelo
529 3732 763 3831 Ephesroram
785 3736 961 3809 committi
981 3734 1144 3821 Ecclesra

80 3828 236 3933 debeat,
266 3833 317 3909 illi
340 3854 435 3911 vero
460 3836 519 3913 alii
543 3836 828 3940 smyrnensium,
853 3835 888 3911 dt
909 3834 1144 4022 meffllidm

616 3961 619 3967 .
1028 3958 1093 4049 ge*
