2498 4254
231 156 310 245 nn
359 123 698 265 annuemus,
749 166 854 246 nna.
880 166 925 246 11.
1042 190 1113 271 ιι,

69 328 295 425 nincipaliter
313 350 406 405 unus
423 328 585 425 spiritus,
609 329 746 403 ficut&
764 328 965 423 Apostolus
978 330 1032 407 his
1051 334 1112 427 qui

69 452 128 529 spur
151 430 282 505 imitari
307 429 506 522 deberent,
532 429 734 525 promittit,
761 431 843 523 quia
868 434 979 527 quise
997 436 1112 530 jungit
1152 420 1158 461 ¹

69 534 214 619 flamina,
239 554 323 601 unus
331 530 470 625 spiritus
486 530 534 626 est.
582 528 662 603 Hac
682 549 768 626 ergo
784 528 973 607 substantia
989 533 1112 606 anima

69 644 143 719 nter
158 630 279 703 Deum
297 632 511 721 carnemque
526 624 705 711 mediante
724 626 821 725 (non
840 630 933 703 enim
951 630 1112 726 possibile

69 742 127 805 nat
154 728 230 803 Dei
259 741 423 803 naturam
449 731 595 821 corpori
619 730 690 802 fine
723 728 921 803 mediatore
945 728 1110 829 misceri)

69 826 225 922 rescitur,
251 843 293 903 ut
309 828 480 921 diximus,
506 828 608 901 Deus
625 830 738 902 horno
754 830 814 902 illa
836 827 1024 903 substantia
1038 853 1113 905 me·

69 925 108 1001 sia
130 928 329 1021 existente,
355 930 413 1003 cui
438 930 562 1022 utique
589 944 717 1001 contra
741 941 903 1002 naturam
928 950 1005 1002 non
1031 942 1111 1003 erat

69 1048 184 1121 :orpus
206 1026 386 1104 assumere.
437 1028 505 1101 Sed
527 1050 644 1119 neque
665 1027 782 1101 rursus
802 1028 917 1101 anima
941 1029 1029 1123 illa,
1053 1042 1111 1099 ut·

69 1142 140 1221 pote
164 1126 354 1201 substantia
377 1128 621 1222 rationabilis,
649 1140 778 1201 contra
796 1141 959 1202 naturam
984 1128 1109 1201 habuit

68 1246 179 1319 rapere
194 1226 334 1320 Deum,
360 1225 398 1301 in
415 1249 542 1320 quern,
569 1241 611 1301 ut
628 1224 785 1320 superius
805 1227 978 1320 diximus,
1003 1230 1111 1299 velut

68 1324 256 1399 inverbum
273 1325 307 1399 δι
327 1326 582 1421 sapientiam&
605 1329 796 1400 veritatem
816 1338 897 1399 tota
913 1327 985 1421 jam
1004 1324 1110 1400 cesse·

68 1422 118 1501 ra't„
167 1424 324 1499 Unde&
339 1428 470 1500 merito
485 1448 552 1521 pro
569 1448 615 1500 eo
633 1429 693 1499 vel
709 1427 807 1519 quod
821 1438 903 1499 tota
918 1423 1004 1499 esset
1012 1426 1055 1497 in
1068 1420 1109 1497 fi·

68 1522 105 1595 lin
122 1522 215 1618 Dei,
241 1528 305 1599 vel
324 1540 444 1601 totum
467 1528 503 1599 in
529 1527 563 1600 se
583 1539 728 1622 caperet
746 1523 856 1599 silium
881 1526 975 1618 Dei,
1002 1525 1110 1599 etiam

68 1620 123 1715 ipsa
135 1646 218 1699 cum
236 1647 277 1698 ea
296 1646 399 1717 quarn
418 1623 616 1699 assumserat
631 1648 763 1718 carne,
789 1626 862 1698 Dei
880 1622 972 1697 filius
991 1622 1110 1697 &Dei

68 1723 187 1817 uirtus,
216 1724 372 1798 chistus
400 1725 522 1799 &Dei
542 1724 709 1819 sapientia
733 1727 948 1818 appellatur:
975 1722 1009 1795 dt
1033 1742 1109 1793 rur·

68 1816 126 1897 sun
153 1823 227 1897 Dei
252 1820 344 1897 filius
370 1846 434 1919 per
461 1848 567 1919 quern
593 1826 712 1899 omnia
737 1837 856 1897 creata
881 1822 984 1913 sunt,
1009 1821 1107 1916 Jesus

69 1906 209 2003 (hristus
229 1924 262 1996 ἃ
285 1920 377 1995 filius
398 1926 551 1998 hominis
574 1926 790 1997 nominatur.
842 1922 937 1994 Nam
960 1918 1107 1993 &filius

69 2014 128 2095 Dei
139 2036 303 2097 mortuus
326 2020 394 2097 esse
412 2024 565 2118 dicitur,
591 2045 660 2116 pro
678 2045 720 2095 ea
735 2022 868 2096 scilicet
884 2034 1010 2093 natura
1031 2040 1109 2111 quae

68 2136 205 2197 nortem
231 2124 356 2217 utique
380 2126 541 2219 recipere
564 2137 732 2216 poterat:
776 2117 925 2194 &filius
951 2120 1105 2193 hominis

68 2222 273 2316 appellatur,
301 2224 361 2315 qui
388 2238 560 2297 venturus
587 2224 624 2297 in
649 2222 721 2295 Dei
746 2220 855 2316 patris
887 2218 1108 2316 gluriacum

68 2314 173 2395 inuis
206 2320 355 2417 Angelis
388 2324 609 2417 praedicatur.
659 2322 709 2395 Et
744 2323 811 2394 hac
844 2320 897 2407 de¹
921 2316 1023 2391 causa
1043 2338 1108 2409 per,

68 2436 197 2495 omnem
214 2420 418 2514 scripturam
436 2438 508 2498 tarn
526 2424 648 2495 divina
669 2436 795 2495 natura
814 2419 974 2493 humanis
996 2438 1107 2489 voca·

68 2514 142 2594 bulis
167 2524 387 2615 appellatur,
420 2544 524 2614 quam
546 2523 697 2595 humana
720 2535 846 2593 natura
864 2519 994 2591 diuinae
1016 2538 1107 2589 nun.

68 2620 305 2711 tupationibus
330 2622 518 2717 insignibus
545 2623 746 2713 decoratur.
798 2617 914 2691 Mais
942 2617 1036 2689 enim
1061 2616 1106 2691 de

68 2712 124 2791 hoc
140 2740 250 2813 quam
266 2721 310 2794 de
323 2722 399 2794 ullo
414 2724 484 2795 alio
499 2720 569 2795 dici
588 2720 728 2815 potest,
755 2718 854 2811 quod
864 2640 1034 2809 scriptum
1056 2714 1109 2793 est

68 2816 365 2911 quinarumambo
389 2828 543 2893 incarne
568 2848 662 2906 una,
687 2819 726 2895 s‘i
743 2824 812 2915 jam
837 2843 904 2887 non
925 2820 1002 2902 sunt
1028 2816 1107 2901 duo,

67 2916 192 3001 sdcaro
218 2944 295 2991 una.
346 2920 462 3016 Magis
496 2921 589 2995 enim
613 2921 764 2993 verbum
789 2917 860 2989 Dei
886 2936 968 2989 curn
993 2914 1108 2993 anima

67 3012 234 3093 incarne
259 3041 330 3092 una
355 3018 454 3113 esse,
491 3042 594 3114 quarn
618 3020 675 3091 vir
701 3041 782 3092 cunr
805 3036 945 3105 uxore,
979 3026 1107 3107 putan·
1174 3070 1177 3075 .

67 3112 134 3193 dun
159 3118 222 3197 est.
273 3118 342 3192 Sed
367 3118 515 3193 &unus
541 3118 680 3212 spiritus
708 3117 776 3191 esse
802 3138 884 3188 cum
908 3112 1017 3205 Dee,
1049 3109 1108 3185 cui

67 3218 158 3313 magis
185 3219 381 3313 convenit,
409 3242 512 3311 quam
536 3220 620 3296 huic
645 3220 766 3291 anirnae
792 3239 869 3307 quae
892 3213 927 3287 se
952 3214 1003 3285 ita
1021 3211 1106 3285 Deo

67 3332 116 3409 per
140 3318 368 3393 dilestionem
398 3321 546 3415 junxit,
579 3334 621 3397 ut
648 3340 728 3395 cum
762 3337 808 3395 eo
839 3335 930 3389 unus
966 3310 1107 3418 spiritus

67 3418 182 3495 nerito
203 3417 373 3499 dicatur?

539 3814 578 3899 Η
601 3838 626 3921 4
896 3832 932 3901 4.
946 3806 1058 3909 Quod
1135 3921 1142 3935 ι
