2498 4254
269 172 347 252 oa
394 154 729 263 attractans,
779 165 970 279 emm
1076 182 1146 267 231

168 358 226 412 22.
251 337 570 428 Verumquoniam
580 330 749 426 Apostoli
762 330 876 404 sermo
890 333 926 404 in
942 332 996 406 his
1006 334 1148 426 quidem

91 437 226 531 quaede
239 437 329 511 vasls
339 437 489 509 honoris
501 435 562 507 vel
578 433 804 525 contumeliae
818 432 924 523 dicit,
952 436 1148 533 quiafiqm‘s

82 542 222 634 seit-iliam
248 538 479 623 mundaverit,
510 540 573 606 erit
591 558 648 603 vas
669 534 874 604 adhaererem
894 531 1148 626 sanfirfieotum,

86 632 133 715 ύ
148 639 240 725 ¹urile
271 640 428 723 Domino,
464 636 504 706 ad
519 660 608 704 omne
629 654 701 730 epus
721 633 831 701 bonum
846 633 964 729 semper
976 650 1148 729 paratam,

87 734 181 813 'nihil
196 734 341 809 videtur
352 738 388 808 in
401 736 485 809 Deo
498 730 670 829 posuisse,
695 730 754 807 sed
771 742 891 807 totum
903 732 940 805 in
952 735 1081 824 'nobis3
1109 738 1149 811 in

87 834 147 912 his
160 858 254 910 vcro
267 837 447 927 inquibus
463 835 529 909 ait:
560 834 741 931 Prostanna
753 835 846 906 haber
850 836 970 927 figulus
982 836 1090 907 lucide
1099 862 1159 911 err-1

86 938 159 1008 riam
177 935 269 1028 maffia
286 938 387 1021 faeere
403 938 492 1007 eliud
507 960 568 1007 var
580 936 620 1005 ad
639 938 807 1007 honorem.
833 935 923 1007 aliud
939 937 1149 1009 accentuare

87 1032 190 1117 ²liam‚
216 1048 338 1109 toturn
348 1034 492 1109 videtur
506 1034 550 1108 ad
562 1030 680 1108 Deum
691 1032 872 1107 retuliffe:
896 1056 973 1107 non
992 1034 1044 1108 est
1058 1038 1150 1110 acci-

87 1134 263 1241 piendum
279 1134 340 1208 ista
355 1135 416 1208 sibi
433 1134 502 1208 eise
518 1128 719 1227 contraria,
743 1133 802 1206 sed
818 1150 970 1227 uterque
980 1132 1096 1209 sensus
1103 1136 1151 1210 ad

87 1252 204 1309 unum
220 1234 429 1327 vocandus,
457 1235 526 1307 &e
548 1234 687 1308 duobus
701 1254 794 1306 unus
811 1230 901 1307 effici
920 1234 1028 1308 debet
1046 1238 1151 1311 intel·

86 1334 226 1408 letius:
251 1334 287 1406 id
304 1334 371 1429 est,
399 1348 442 1406 ut
457 1356 573 1427 neque
590 1354 666 1425 quae
684 1334 722 1406 in
735 1332 861 1407 nostro
883 1336 1032 1408 arbitrio
1047 1335 1148 1431 sunt,
1204 1338 1207 1343 '

87 1446 259 1541 putemus
271 1434 343 1507 fine
361 1435 542 1527 adjutorio
555 1433 628 1507 Dei
640 1431 731 1507 effici
742 1431 860 1526 poffe:
885 1454 1003 1527 neque
1016 1454 1058 1508 ea
1071 1458 1149 1529 quae

85 1532 254 1607 romanu
273 1534 345 1606 Dei
360 1533 459 1628 sunt,
486 1548 652 1629 putemus
669 1534 802 1624 absque
821 1533 950 1606 nostris
968 1534 1150 1610 actibus&

88 1630 213 1707 studim
229 1632 462 1727 &proposito
485 1630 739 1707 consummari:
764 1630 900 1704 scilicet
916 1636 1013 1724 qnod
1032 1650 1150 1728 neque

84 1736 161 1807 hos
179 1735 276 1806 veile
301 1734 430 1824 aliquid
449 1736 512 1807 vel
531 1731 671 1805 efficere
690 1734 741 1803 ita
757 1731 795 1804 in
811 1731 935 1804 nostro
955 1735 1150 1809 habeamus

86 1832 263 1924 arbitrio,
288 1846 420 1905 utnon
436 1831 523 1905 scire
536 1832 726 1905 debeamus
744 1832 818 1903 hoc
833 1830 944 1923 ipsum
959 1834 1056 1924 quod
1072 1830 1152 1927 pos·

86 1928 208 2005 sumus
231 1935 327 2005 velle
347 1936 408 2006 vel
426 1931 585 2022 efficere,
613 1953 633 2003 a
649 1929 733 2003 Deo
751 1931 858 2002 nobis
880 1931 1000 2006 datum
1017 1932 1086 2007 effe
1102 1932 1152 2007 se·

90 2031 250 2105 cundum
262 2054 339 2104 eam
354 2030 611 2104 distinctionem
627 2051 731 2128 quam
747 2028 850 2122 supra
866 2030 1027 2108 diximus,
1078 2032 1154 2108 Vel

90 2131 230 2204 rursum
251 2153 331 2203 curn
351 2131 452 2204 Deus
467 2129 573 2225 fingit
591 2128 702 2222 vasa,
729 2129 795 2202 alia
815 2130 956 2221 quidem
971 2133 1014 2205 ad
1034 2133 1154 2208 hono·

86 2246 192 2323 rem,
221 2233 286 2302 alia
301 2252 392 2303 vero
409 2231 452 2303 ad
469 2231 746 2319 contumeliam,
773 2229 970 2325 putandum
987 2231 1154 2325 estquod

91 2348 173 2401 non
186 2331 407 2403 honorisve]
422 2331 647 2404 contumeliae
664 2329 780 2402 causas
791 2341 959 2422 tanquam
970 2335 1154 2407 materiam
1182 2354 1185 2359 ·

93 2429 271 2520 quandam
286 2430 423 2503 nostras
439 2432 501 2503 vel
518 2432 728 2502 voluntates
745 2482 757 2521 ‚
784 2431 846 2502 vel
860 2432 1066 2526 proposita,
1090 2432 1155 2507 vel

93 2531 224 2603 merita
240 2530 391 2621 habeat,
421 2552 466 2602 ex
486 2530 612 2622 quibus
632 2550 697 2601 vas
714 2528 931 2625 fingulorum
947 2531 1164 2614 nostrorum

88 2629 159 2699 'vel
176 2627 219 2699 ad
234 2629 412 2704 honorem
425 2631 488 2702 vel
502 2630 546 2701 ad
560 2629 814 2701 contumeliam
826 2626 955 2724 fingat,
983 2633 1064 2704 dum
1078 2652 1155 2708 mo·

88 2736 156 2798 ¹tus
172 2727 245 2819 ipse
260 2731 382 2801 animae
402 2731 463 2801 vel
479 2727 700 2821 proposrtum
721 2730 849 2801 mentis
869 2730 914 2803 de
931 2728 966 2804 se
983 2730 1059 2823 ipso
1080 2730 1154 2829 sug·

97 2841 200 2921 gerat
208 2828 259 2900 illi
271 2850 374 2919 qumn
388 2849 463 2901 non
476 2830 566 2900 latet
580 2846 644 2899 cor
658 2827 692 2898 δι
707 2830 881 2922 cogitatio
899 2830 1017 2917 animi,
1034 2844 1156 2905 utrum

88 2924 144 2998 'ad
167 2926 347 3001 honorem
367 2925 452 3023 fingi
474 2949 538 3001 vas
558 2928 658 3019 ejus,
690 2947 735 2998 an
755 2926 798 2998 ad
823 2931 1076 3003 contumeliam
1096 2929 1173 3003 ‹ie-2

56 3028 79 3039 “’
94 3024 193 3100 beat.
247 3026 316 3099 Sed
337 3026 400 3099 ista
415 3025 586 3100 sufficiant
603 3026 709 3098 nobis
725 3042 837 3119 prout
852 3030 1035 3123 potuimus
1058 3028 1157 3103 deu·
1210 3048 1215 3059 ·

88 3122 180 3197 'beri
196 3125 331 3199 arbitrii
351 3124 600 3219 quaestionibus
615 3127 756 3223 agitata
799 3122 802 3127 ’
1027 3126 1109 3203 CA·

324 3285 750 3363 Inaeaeaanano
784 3308 933 3362 nova,

100 3424 138 3501 δι
158 3423 222 3497 usu
245 3425 422 3522 dignitatis
446 3427 580 3499 arbitrii
600 3425 712 3501 nostri
728 3424 836 3498 faciat
856 3442 899 3499 ut
919 3429 956 3500 in
979 3426 1160 3504 honorem

103 3527 229 3617 aliquis
251 3529 310 3598 vel
328 3527 364 3598 in
378 3527 606 3623 ignominiam
621 3523 703 3599 fiat:
727 3547 843 3617 neque
860 3525 933 3599 sola
946 3527 1016 3601 Dei
1032 3530 1179 3610 volens,
1222 3548 1224 3552 ⁴

100 3625 404 3699 tas'in‘honorem
421 3640 482 3698 aut
495 3626 723 3720 ignominiam
741 3626 1080 3718 quemquamfacia't‚
1097 3628 1161 3702 nist

87 3723 287 3802 'materiem
305 3725 478 3817 quandam
495 3726 705 3799 differentia
720 3727 848 3799 habeat
863 3728 1019 3801 nostram
1031 3729 1160 3813 volun·

101 3839 215 3898 tatem
232 3844 308 3914 quae
327 3827 363 3899 in
379 3825 560 3900 deteriora
576 3826 640 3898 vel
655 3827 807 3899 meliora
819 3828 1066 3923 proueniant.
1089 3824 1175 3897 aaa

98 3919 368 4006 terraemot
380 3926 489 4051 neiis
508 3927 553 4011 de
567 3928 743 4010 libertate
760 3930 922 4011 mortni.
