2498 4254
174 104 252 197 ns
296 72 636 212 inruerent,
676 112 785 194 nm.
810 96 860 195 111
978 139 1047 223 ιφ

78 280 276 373 unicuique
304 290 417 375 prout
439 290 596 355 meretur
620 278 804 355 retribuat.
855 276 926 354 Sed
949 282 984 355 ἃ
1007 284 1047 361 in·

60 368 219 457 (rursum
242 376 459 454 definitionis
481 376 547 451 suae
567 375 701 451 sensum
722 400 799 452 non
820 378 916 453 reste
938 384 1047 455 inter·

60 494 191 556 tantur.
241 476 374 553 Putant
400 481 492 551 enim
514 479 595 569 quia
614 479 713 571 quod
724 478 853 569 justum
875 478 927 553 est
945 483 1053 557 malis.

61 579 223 672 aiaciat,
247 581 354 654 bonis
368 580 484 671 bona,
507 576 544 650 id
558 576 628 670 est,
653 591 695 651 ut
709 575 1047 656 secundumsensum

60 698 146 753 »rum
167 678 279 774 julius
304 681 402 753 malis
427 698 504 749 non
527 676 692 749 videatur
720 676 814 750 bene
837 680 963 773 velle,
988 679 1049 757 sed

60 792 92 852 rt
110 780 198 853 odio
223 778 377 872 quodam
399 777 485 849 ferri
511 773 676 848 adversus
701 798 785 850 eos.
811 777 846 849 dt
870 779 1048 875 colligunt

59 879 95 953 bi
111 879 234 953 forte
225 898 261 950 m
276 876 457 971 scripturis
471 876 604 948 veteris
621 873 866 949 ''sellamenti
855 877 1048 962 inveniunt

60 979 170 1051 oriam
193 977 437 1067 referentem,
474 975 579 1047 verbi
605 975 717 1070 gratia
742 976 787 1048 de
819 976 944 1050 diluvii
974 1000 1047 1071 poe·

60 1132 68 1170 ,
111 1078 146 1150 ta
171 1096 297 1149 eorum
318 1075 378 1167 qui
403 1074 440 1146 in
471 1095 517 1147 eo
543 1072 688 1149 extindli
708 1075 944 1170 referuntur,
985 1079 1048 1153 vel

60 1176 245 1249 rSodoma
269 1176 304 1248 &
329 1174 511 1247 Gomorra
535 1174 627 1270 ignei
652 1172 900 1270 sulphureique
924 1178 1045 1251 imbris
1130 1198 1133 1209 ¹

60 1277 192 1349 latione
207 1275 482 1368 depopulantur,
510 1275 570 1346 vel
582 1294 662 1346 cum
672 1273 710 1345 in
726 1272 866 1349 deserto
879 1296 948 1371 pro
962 1298 1047 1369 pec·

61 1398 77 1447 s
93 1372 162 1447 suis
183 1396 307 1447 omnes
324 1372 515 1465 decidunt,
540 1374 590 1445 ita
603 1387 645 1445 ut
657 1376 773 1445 nullus
790 1396 835 1447 ex
855 1374 908 1449 his
926 1377 985 1469 qui
1000 1376 1047 1451 de
1129 1432 1132 1439 .

60 1489 154 1568 ypto
166 1474 307 1547 fuerant
320 1471 704 1565 profedti,inveniatur
713 1487 846 1547 terram
859 1474 1047 1568 repromis-

60 1576 96 1647 ris
106 1575 240 1646 intrare
256 1587 385 1665 praeter
399 1570 515 1668 Jesum
530 1570 696 1647 &Caleu
728 1573 787 1645 De
801 1594 906 1646 novo
927 1588 1047 1651 autem

60 1672 223 1747 lamento
242 1670 487 1746 misericordiae
500 1692 541 1745 ac
560 1672 702 1767 pietatis
719 1688 941 1768 congregant
965 1692 1050 1747 ver·

82 1774 210 1865 quibus
228 1770 449 1844 aSalvatore
466 1770 624 1863 discipuli
635 1770 894 1867 informantur,
917 1773 956 1846 ¹&
971 1776 1046 1866 qui-

73 1872 305 1966 prnnunciari
328 1869 495 1963 videtur,
522 1872 603 1961 quia
623 1890 732 1942 nemo
758 1871 800 1943 srt
818 1872 936 1945 bonus
960 1892 1047 1966 prae·

68 1992 175 2046 unum
192 1971 312 2042 Deum
327 1982 480 2061 patrem:
506 1969 541 2040 &
556 1988 621 2061 per
635 1969 708 2042 hoc
727 1969 795 2043 ausi
814 1969 895 2043 sunt
908 1973 1048 2046 bonum

60 2070 131 2145 dem
163 2071 351 2142 nominare
380 2082 517 2161 patrem
549 2067 745 2141 Salvatoris
783 2068 865 2163 Jesu
895 2068 1046 2166 Christi,

60 2192 94 2243 m
110 2185 229 2243 autem
253 2167 320 2241 elle
342 2168 466 2240 dicunt
485 2168 607 2242 mundi
626 2167 767 2260 Deum,
800 2188 906 2263 quem
916 2168 1049 2264 justum
1116 2214 1123 2242 1

60 2323 67 2363 ‚
90 2290 170 2343 non
188 2269 291 2341 etiam
307 2269 442 2341 bonum
462 2268 597 2361 placuit
609 2269 797 2362 appellare.
1053 2286 1056 2292 ·

66 2392 97 2445 a.
123 2368 159 2440 A
186 2368 311 2459 quibus
329 2368 443 2459 primo
468 2367 554 2440 illud
575 2367 786 2462 exigendum
811 2382 928 2463 puto,
951 2367 1051 2444 lise·¹

60 2468 145 2543 dum
165 2466 259 2540 suam
278 2464 525 2539 definitionem
544 2464 673 2558 justum
694 2466 841 2560 poliunt
859 2467 1048 2543 ostendere
1075 2488 1078 2493 ·

60 2568 219 2642 iditorem
234 2568 439 2660 punientem
456 2586 524 2659 pro
541 2564 676 2639 meritis
688 2566 750 2641 vel
764 2588 828 2641 eos
844 2571 906 2661 qui
921 2567 1048 2642 diluvii

60 2688 155 2762 ipore
177 2670 377 2759 perierunt,
405 2668 467 2738 vel
490 2664 715 2759 Sodomitas,
740 2666 802 2741 uel
825 2662 974 2760 eosqui
1000 2688 1047 2742 ex

60 2781 154 2861 ypto
180 2763 332 2858 profedli
357 2765 522 2856 fuerant,
553 2786 635 2839 cum
658 2767 841 2840 videamus
867 2767 1047 2841 interdum

60 2881 104 2941 to
127 2869 323 2957 nequiora,
348 2864 382 2937 u
401 2861 602 2937 scelestiora
618 2866 778 2939 commiti
792 2865 925 2963 flagitia
942 2886 1049 2957 quam

60 2968 124 3039 int
140 2966 201 3039 illa
224 2986 295 3059 pro·
317 2966 444 3055 quibus
465 2964 501 3036 hi
527 2984 619 3054 quos
638 2963 740 3060 supra
764 2966 913 3040 diximus
938 2963 1047 3038 inter·

60 3068 99 3139 ›ti
120 3064 219 3158 sunt,
253 3064 413 3136 nondum
436 3079 555 3135 tamen
575 3063 738 3139 videmus
759 3082 1048 3156 unumquemque

60 3167 215 3239 cantium
238 3185 376 3257 poenam
400 3164 499 3234 luere
524 3163 758 3253 meritorum3
794 3162 1059 3255 numquidnam·

60 3287 124 3339 ium
140 3264 261 3338 dicent
277 3259 439 3336 effectum
446 3283 533 3335 eum
544 3263 604 3354 qui
619 3265 806 3355 aliquando
818 3261 928 3356 justus
943 3262 1046 3336 erati

85 3366 208 3458 potius
232 3362 320 3435 illud
344 3364 548 3455 putabunt,
574 3364 672 3453 quod
694 3364 805 3456 justus
829 3362 970 3455 quidem
996 3361 1047 3437 est

60 3488 107 3556 c,
133 3463 192 3537 led
213 3463 390 3557 patienter
413 3461 485 3534 fert
502 3463 653 3537 humana
670 3462 817 3556 delidta,
844 3474 932 3535 tunc
952 3481 1045 3535 vero

78 3564 187 3657 justus
215 3560 356 3655 quidem
382 3578 458 3635 erat
485 3563 543 3653 qui
569 3563 783 3635 innocentes
811 3560 1045 3655 parvulos&

60 3679 156 3737 entes
181 3663 281 3736 simul
306 3682 385 3734 cum
410 3663 620 3736 immanibus
647 3663 717 3734 &
707 3664 821 3756 rmpiis
845 3660 1065 3772 gigantibus?

60 3757 248 3862 'arguebatl
273 3759 344 3836 Sed
362 3762 462 3835 haec
451 3775 503 3835 ita
522 3760 703 3859 sentiunt,
729 3763 811 3855 quia
823 3757 1073 3934 mhiluppdme
