2498 4254
221 174 301 255 ni:
349 166 696 274 inintiaiis,
745 142 939 253 ΜΕΝ·
1042 190 1118 277 89⁹

50 344 91 418 iri
106 361 182 434 quo
197 343 360 433 loquitur
376 392 394 435 ,s
412 340 473 414 uel
499 348 622 428 tacet,
655 337 688 412 u
710 336 822 430 siqua
842 339 909 412 alia
935 335 1017 411 sunt
1040 358 1120 432 qua

49 446 218 518 accidere
234 439 377 515 necesse
390 439 442 513 est
452 441 671 516 hominibus.
720 438 756 512 Si
773 460 860 536 ergo
875 439 953 529 quia
969 436 1121 514 Pauluiu

48 546 126 620 sine
147 545 201 617 hia
220 542 389 615 omnibus
409 538 479 615 esse
500 539 704 613 consideret
720 560 797 632 quae
814 538 961 639 possunt
980 540 1120 613 accide-

25 724 29 728 ,
51 666 113 735 re,
139 644 190 716 ita
206 644 239 715 dr
254 641 290 715 id
308 640 408 733 quod
426 640 584 734 subjacet
604 643 687 732 quia
704 641 903 735 intelligere
919 639 992 713 sine
1006 640 1120 733 quali·

51 745 187 818 tatibus
205 745 352 836 poterit.
405 739 497 814 Cum
514 761 601 835 ergo
615 738 732 815 sensus
745 740 873 814 'noster
889 740 989 814 omni
1007 741 1120 830 quali·

50 856 129 919 tate
142 846 186 916 ab
197 839 383 917 intellectu
397 839 460 915 suo
472 853 614 914 remota
628 839 739 935 ipsum
751 838 978 933 subjacentia
994 837 1119 935 solius,

48 958 94 1018 ut
110 946 160 1016 ita
182 944 352 1037 dixerim,
379 939 548 1036 punitum
571 953 787 1028 contuetur,
814 941 927 1034 &ipsi
948 939 1121 1029 inhaeret,

50 1049 278 1136 nequaquam
303 1039 499 1134 respiciens
526 1039 570 1114 ad
594 1043 813 1132 mollitiem,
848 1044 908 1113 vel
931 1040 1120 1128 duritiem,

51 1147 114 1216 vel
134 1144 314 1231 calidum,
349 1144 410 1214 vel
434 1139 625 1237 frigidum,
650 1141 712 1217 uel
738 1140 942 1233 humidum,
967 1143 1028 1214 vel
1053 1143 1122 1215 aii·

53 1241 379 1333 dumsiibstantiae,
408 1254 497 1314 tunc
519 1237 679 1317 simulata
694 1240 966 1334 quodammodo
982 1243 1121 1337 cogita·

51 1346 181 1436 tione,
205 1343 261 1416 hii
280 1344 450 1437 omnibua
472 1342 702 1435 qualitatibus
720 1340 852 1417 nudam
868 1342 1051 1417 videbitur
1067 1343 1121 1437 iii·

51 1444 155 1519 tueri·
169 1447 364 1517 materiam.
1092 1488 1096 1509 ,

130 1559 187 1635 35.
213 1541 284 1616 Sed
321 1538 466 1616 sortasse
499 1542 659 1633 requiret
692 1542 838 1636 aliquis,
872 1539 898 1616 s1
934 1537 1119 1637 poss'uiniis

52 1641 162 1739 etiam
174 1641 228 1715 'de
247 1640 428 1736 scripturis
452 1638 680 1718 occasionem
699 1645 853 1738 aliquam
871 1643 1120 1737 intelligentie

51 1742 157 1836 hujus
174 1745 353 1837 accipere.
405 1742 562 1816 Videtur
578 1744 664 1817 milii
683 1744 757 1818 tale
779 1741 912 1836 aliquid
933 1739 1121 1839 significari

52 1842 92 1916 in
106 1840 262 1934 Psalmis,
288 1864 371 1934 curn
386 1843 517 1917 dicitur
530 1863 547 1915 a
562 1842 773 1937 prophetea.
793 1840 1014 1936 imperfetium
1027 1858 1120 1913 nium

49 1942 206 2017 viderunt
221 1948 301 2014 oculi
317 1948 383 2015 mii.
436 1939 479 2019 In
491 1965 566 2037 quo
582 1942 728 2017 videtur
748 1964 850 2019 mens
866 1941 1054 2039 prophetae
1066 1960 1122 2015 re·

49 2063 130 2118 runi
146 2042 248 2115 initia
268 2045 403 2117 intuitu
428 2042 690 2140 perspicaciore
715 2044 927 2124 discutiens,
954 2041 1122 2118 &mate-

49 2145 140 2218 riam
158 2139 258 2217 sensu
280 2145 361 2218 solo
388 2164 430 2218 ac
455 2142 598 2218 ratione
625 2165 645 2218 a
672 2147 902 2237 qualitatibus
929 2143 1121 2237 dividens,

50 2241 299 2337 inperfectum
315 2245 386 2319 Dei
400 2243 558 2336 sensisse,
586 2242 685 2336 quod
701 2248 828 2338 utique
848 2242 991 2337 adjeilis
1012 2245 1122 2336 quali-

52 2345 189 2418 tatibus
202 2345 414 2441 intelligitur
434 2343 731 2427 consummatum.
757 2342 829 2420 Sed
844 2344 877 2419 di
892 2348 931 2419 in
945 2345 1043 2427 libro
1057 2340 1121 2417 suo
1191 2384 1204 2392 ν

51 2438 186 2518 Enoch
210 2445 260 2517 ita
284 2447 355 2517 ait:
387 2447 559 2518 Ammiani
575 2448 669 2543 iisque
695 2449 734 2518 ad
753 2446 995 2544 i'iiipeiscfium‚
1022 2440 1123 2535 quod
1166 2460 1169 2465 ’

51 2541 166 2640 ipsum
182 2556 274 2639 puto
284 2541 385 2639 posse
400 2544 558 2621 similiter
565 2546 730 2644 intelligi,
740 2548 840 2640 quod
855 2544 991 2621 scilicet
1003 2543 1125 2618 ambu·
1197 2556 1201 2561 ·

51 2642 185 2725 laverit
200 2665 301 2717 mens
317 2648 504 2740 propheta
521 2645 792 2741 perscrutans&
808 2646 977 2723 differens
989 2640 1125 2741 singula

19 2824 23 2831 ,
54 2765 208 2839 quaeque
226 2763 343 2822 rerum
361 2746 553 2821 visibilium
570 2768 762 2840 usquequo
775 2749 816 2821 ad
832 2748 1046 2842 principium
1062 2765 1124 2820 ve·

53 2846 153 2920 uerit
170 2846 258 2919 illud
275 2848 312 2919 iii
331 2867 405 2938 quo
424 2842 667 2940 impersedlani
685 2851 870 2923 materiam
885 2849 1020 2938 absque
1041 2862 1125 2936 qua·
1173 2866 1177 2883 ²

54 2946 217 3021 litatibui
248 2948 470 3041 pervideriti-
487 2944 656 3040 scriptum
680 2966 837 3041 namque
864 2946 916 3021 est
936 2950 973 3019 in
991 2944 1125 3019 eodem

53 3047 209 3139 noello,
235 3046 381 3120 dicente
404 3040 559 3119 Enoch:
599 3048 773 3134 Universos
797 3052 947 3120 materias
970 3046 1124 3140 perspexi.

54 3146 171 3244 Quod
185 3146 374 3236 ntiqneita
394 3144 567 3238 sentitur,
594 3146 688 3239 quasi
706 3168 835 3222 omnes
855 3146 1013 3223 materia
1035 3144 1127 3219 diui·

53 3248 177 3323 sionei
198 3247 363 3338 pervidi,
390 3267 469 3338 quae
495 3246 540 3319 ab
560 3267 632 3320 una
654 3248 691 3322 iii
716 3248 867 3344 singulas
890 3264 1049 3341 quis-que
1073 3245 1126 3319 di·
1207 3326 1210 3333 ,

53 3362 171 3442 ruptae
189 3343 271 3422 sunt
287 3346 446 3439 speciei,
472 3346 508 3419 id
527 3344 578 3421 est
597 3348 807 3432 huminum,
836 3350 896 3422 vel
919 3346 1125 3423 animalium
1153 3379 1169 3439 χ

53 3449 120 3522 vel
136 3448 237 3530 coeli,
262 3448 323 3520 vel
342 3447 448 3539 solii,
473 3448 535 3521 vel
554 3450 716 3524 omnium
737 3469 816 3540 quae
834 3448 870 3522 in
890 3448 963 3520 linc
984 3447 1124 3520 mundo
1193 3525 1197 3533 ,

54 3544 151 3622 sunt.
203 3546 286 3621 Post
302 3551 379 3621 hec
398 3549 466 3634 iarn
483 3552 605 3623 omnia
620 3570 698 3641 quaa
715 3547 796 3620 sunt
810 3570 830 3623 a
844 3546 931 3622 Deo
947 3544 1038 3621 satia
1052 3542 1125 3620 eise

57 3647 94 3721 di
108 3646 198 3721 nihil
213 3648 284 3723 eise
298 3648 396 3741 quod
410 3646 539 3723 fitium
553 3670 630 3723 uon
642 3649 684 3721 sit
695 3656 996 3741 praeternaturam
1014 3648 1127 3741 patria

57 3746 95 3821 dt
108 3744 174 3820 filii
195 3748 396 3844 &Spiritus
422 3744 548 3844 santii,
575 3764 687 3844 prout
703 3751 888 3842 potuimus
908 3751 944 3823 in
964 3746 1128 3838 superio·

55 3851 158 3927 noua
174 3849 519 3929 demonstravimus:
543 3848 846 3947 &quod'voleui
868 3846 1134 4016 Dem'qddff
