2498 4254
265 200 345 281 DE
393 190 732 299 PRINCIPHS,
779 200 879 284 LIB.
906 204 973 285 IV.
1077 200 1152 305 733}

84 358 171 447 'nem
187 383 263 442 non
278 362 411 463 refugit
429 364 659 443 intelletum.
720 364 791 439 Sed
811 364 846 439 δι
863 364 979 445 'omnis
996 368 1057 443 illa
1077 386 1156 443 nar·

84 468 183 563 latio
208 486 286 559 quae
308 468 371 539 vel
397 465 442 539 de
467 463 547 540 filiis
572 466 773 559 procreatis·
797 466 944 541 videtur
969 466 1039 541 elie
1068 476 1155 541 con'·

87 564 231 659 scripta,
252 566 315 639 vel
325 565 370 641 de
383 562 529 637 diversis
539 566 688 659 maliis,
703 566 767 641 vel
781 565 826 640 de
838 567 1063 659 ,quibuslibet
1077 566 1154 640 aliis

82 664 268 751 historiis,
296 664 380 756 quid
400 662 493 741 aliud
508 686 611 759 quam
630 664 755 741 forme
775 686 818 738 ac
830 662 953 761 ii'gurae
967 666 1153 741 credendae

86 764 171 844 sunt
198 765 385 839 latentium
414 761 658 858 sacrarumque
678 762 824 841 rerum?
849 764 986 839 Verum
1010 786 1080 861 pro
1105 786 1154 839 eo

79 862 187 959 ²quod
205 886 329 956 parum
349 862 451 941 studii
467 864 511 937 ad
526 864 766 940 exercendum
787 864 968 961 ingenium
989 856 1155 941 homines

87 956 275 1054 adhibent,
301 966 363 1040 vel
380 965 478 1057 quod
494 978 683 1055 antequam
698 962 845 1057 discant,
870 961 958 1037 scir'e
975 964 1010 1038 se
1024 976 1154 1058 putant

83 1064 173 1141 'inde
192 1059 235 1138 fit
253 1076 296 1136 ut
322 1084 515 1157 numquam
532 1062 619 1137 scire
634 1063 825 1156 incipiant:
852 1076 914 1135 aut
929 1064 955 1139 st
973 1080 1071 1137 certe
1087 1082 1156 1139 nec

83 1161 242 1263 ,lodium
266 1156 444 1257 defuerit,
469 1183 538 1237 nec
560 1162 747 1259 magister,
783 1164 807 1236 sl
831 1176 1010 1254 tamquam
1032 1164 1155 1237 divina

82 1272 304 1364 quaerantur,
331 1260 367 1335 id
379 1260 429 1336 est
440 1258 604 1359 religiose
619 1262 654 1335 ἂ
667 1263 739 1356 pie,
767 1274 874 1353 atque
890 1260 975 1335 Deo
989 1265 1154 1337 revelan-

83 1374 128 1457 ,te
141 1362 178 1437 in
189 1356 452 1457 quamplurimis
468 1358 652 1455 sperentur
663 1360 806 1455 aperiri,
833 1361 1154 1455 quoniamquidem
1215 1448 1217 1453 Α

86 1460 250 1537 humanis
276 1459 428 1538 sensibus
455 1462 562 1536 valde
589 1460 801 1535 &difficilia
824 1460 859 1533 δι
884 1462 1030 1535 occulta
1054 1460 1153 1550 sunt,

81 1568 177 1737 ‘nanc
192 1560 333 1636 demum
348 1558 497 1639 fortassis
511 1560 572 1657 qui
584 1562 635 1637 ita
645 1561 818 1665 quaefierit
831 1560 1084 1655 quainvenire
1101 1559 1152 1633 fas

79 1668 110 1737 'e
148 1713 160 1755 ‚
186 1660 360 1737 inveniet.
575 1732 577 1739 ,
888 1660 891 1667 ’

168 1780 223 1835 10.
248 1758 326 1833 Sed·
343 1782 390 1833 ne
415 1758 566 1835 fortaffis
592 1758 844 1835 tantummodo
870 1758 907 1835 in
932 1757 1154 1851 propheticis
1219 1768 1222 1773 ’

79 1855 166 1935 uaec
180 1856 365 1933 difficultas
379 1872 528 1953 putetur
542 1858 651 1935 ineffe
669 1856 906 1950 sermonibus,
934 1858 1155 1949 quandoqui-

85 1956 172 2033 uem
191 1973 327 2034 certum
344 1956 396 2031 est
410 1958 502 2053 apud
517 1976 643 2034 omnes
653 1956 786 2049 'stylum
799 1958 1053 2052 propheticum
1068 1954 1157 2053 figu

88 2058 138 2131 ris
158 2057 191 2131 u
209 2052 647 2152 aeniganatibus'conlitum
662 2054 751 2132 else:
779 2057 863 2150 quid
878 2078 959 2130 tum
976 2054 1019 2129 ad
1033 2052 1155 2128 Euan·

84 2154 380 2254 gelia‘venimus?
406 2156 591 2251 Numquid
600 2178 675 2231 non
685 2156 736 2229 ibi
750 2159 856 2231 etiam
873 2155 988 2229 sensus
1000 2156 1155 2229 interior

88 2268 221 2350 utpote
238 2253 352 2331 sensus
370 2256 535 2351 divinus,
559 2260 651 2333 latet
671 2258 730 2347 qui
748 2275 813 2349 per
825 2258 920 2329 illam
937 2268 1156 2329 tentummo·

82 2354 140 2431 'do
159 2354 536 2455 gratiamtevelattu,
562 2354 666 2449 quam
688 2368 876 2448 acceperat
897 2354 957 2430 ille
981 2355 1041 2449 qui
1062 2355 1155 2429 dice-

89 2453 174 2533 bat:
202 2458 270 2529 Nus
288 2470 392 2527 autem
408 2448 532 2546 sensum
556 2454 679 2559 curisti
696 2456 861 2544 habemus,
886 2472 924 2527 ut
934 2456 1074 2544 sciamus
1090 2479 1158 2552 qua

77 2560 110 2629 ‘a
133 2558 200 2626 Deo
219 2558 337 2627 donata
351 2554 426 2645 [um
444 2556 550 2643 nolis,
576 2580 644 2655 quae
668 2552 707 2633 o
721 2556 898 2655 loquimur,
923 2580 989 2629 aaa
1002 2559 1041 2625 in
1059 2552 1158 2626 doliis

89 2654 238 2728 humana
254 2655 425 2751 supientia
444 2657 568 2743 uerbis,
593 2656 644 2740 sed
660 2658 704 2726 in
728 2654 874 2727 dutitiam
893 2648 1051 2750 spiritus?
1079 2654 1157 2748 Jam

90 2775 184 2829 vero
199 2755 258 2829 illa
273 2775 349 2846 quae
362 2754 493 2847 Joanni
507 2752 669 2831 revelata
684 2755 779 2847 sunt,
804 2755 829 2830 fi
843 2755 919 2848 quis
934 2757 1041 2850 legat,
1054 2774 1158 2844 quo·

88 2854 203 2930 modo
229 2874 307 2928 non
332 2852 560 2949 obstupescet
584 2866 720 2947 tantam
741 2854 792 2928 ibi
811 2852 921 2928 ineffe
939 2853 1155 2925 occultatio·

89 2974 175 3032 nem
188 2952 422 3031 ineffabilium
433 2950 754 3049 sacramentorum,
780 2955 818 3031 in
832 2954 959 3049 quibus
972 2950 1156 3127 manifgste

1058 3071 1078 3126 a

310 3212 738 3292 Inunnnauunato
782 3234 932 3291 uovn.

92 3356 131 3425 in
147 3350 246 3427 uotlis
260 3355 405 3429 humane
411 3354 449 3445 fit
470 3356 577 3426 ientiae
589 3354 711 3443 verbis,
731 3355 786 3446 sed
804 3359 842 3426 ia
855 3351 1000 3424 doffrinu
1007 3350 1156 3448 spiritus,

92 3454 186 3550 Quis
209 3452 316 3526 etiam
335 3476 411 3550 quae
430 3373 561 3546 iani
578 3456 740 3531 revelata
759 3453 840 3527 sunt
861 3454 982 3551 legens
996 3472 1073 3526 non
1091 3454 1155 3527 ob·

90 3548 266 3645 stupescat
274 3554 312 3629 in
323 3552 606 3629 occultationem
615 3552 866 3649 mysteriorum
877 3574 954 3645 qua
963 3552 1071 3631 eoam
1081 3572 1158 3625 non

92 3650 305 3751 intelligenti
326 3675 402 3749 quae
427 3651 554 3747 scripta
573 3649 676 3747 suut,
702 3655 815 3727 latens
835 3652 969 3745 quid&
991 3671 1158 3725 arcanum

93 3750 227 3829 habere
252 3751 448 3825 videntur?
474 3750 737 3849 Apostolorum
758 3766 877 3826 autem
894 3750 1064 3848 Epistolae
1084 3749 1156 3823 cui-

91 3848 465 3953 namsagaciomerito
480 3848 681 3931 sermonum
697 3851 807 3946 judici
820 3850 1012 3929 uideantm
1026 3860 1168 4009 aqut?

1093 3962 1126 4013 a
