<?xml version="1.0" encoding="UTF-8"?>
<!DOCTYPE html PUBLIC "-//W3C//DTD XHTML 1.0 Transitional//EN"
    "http://www.w3.org/TR/xhtml1/DTD/xhtml1-transitional.dtd">
<html xmlns="http://www.w3.org/1999/xhtml" xml:lang="en" lang="en">
 <head>
  <title>
</title>
<meta http-equiv="Content-Type" content="text/html;charset=utf-8" />
  <meta name='ocr-system' content='tesseract 3.04.00' />
  <meta name='ocr-capabilities' content='ocr_page ocr_carea ocr_par ocr_line ocrx_word'/>
</head>
<body>
  <div class='ocr_page' id='page_1' title='image "./operaomniasanct08unkngoog_0080.png"; bbox 0 0 2498 4254; ppageno 0'>
   <div class='ocr_carea' id='block_1_1' title="bbox 78 142 835 287">
    <p class='ocr_par' dir='ltr' id='par_1_1' title="bbox 78 127 960 287">
     <span class='ocr_line' id='line_1_1' title="bbox 78 142 835 287; baseline -0.017 -20"><span class='ocrx_word' id='word_1_1' title='bbox 78 186 167 287; x_wconf 70' lang='lat'>36·</span> <span class='ocrx_word' id='word_1_2' title='bbox 306 144 308 149; x_wconf 77' lang='grc'><strong>’</strong></span> <span class='ocrx_word' id='word_1_3' title='bbox 403 142 835 255; x_wconf 78' lang='lat' dir='ltr'>oniounrs&#39;</span> 
     </span>
    </p>
   </div>
   <div class='ocr_carea' id='block_1_2' title="bbox 79 328 1186 3415">
    <p class='ocr_par' dir='ltr' id='par_1_2' title="bbox 79 328 1186 2817">
     <span class='ocr_line' id='line_1_2' title="bbox 79 328 1154 443; baseline -0.008 -19"><span class='ocrx_word' id='word_1_4' title='bbox 79 350 223 443; x_wconf 83' lang='lat' dir='ltr'>cipatus</span> <span class='ocrx_word' id='word_1_5' title='bbox 247 336 413 417; x_wconf 88' lang='lat' dir='ltr'>adversus</span> <span class='ocrx_word' id='word_1_6' title='bbox 437 362 527 433; x_wconf 90' lang='lat' dir='ltr'>quos</span> <span class='ocrx_word' id='word_1_7' title='bbox 547 341 655 415; x_wconf 91' lang='lat' dir='ltr'>nobis</span> <span class='ocrx_word' id='word_1_8' title='bbox 676 340 727 415; x_wconf 90' lang='lat' dir='ltr'>est</span> <span class='ocrx_word' id='word_1_9' title='bbox 750 336 981 434; x_wconf 64' lang='lat' dir='ltr'>colludatio,</span> <span class='ocrx_word' id='word_1_10' title='bbox 1014 328 1154 435; x_wconf 66' lang='lat' dir='ltr'>anelii,</span> 
     </span>
     <span class='ocr_line' id='line_1_3' title="bbox 79 439 1153 541; baseline -0.006 -20"><span class='ocrx_word' id='word_1_11' title='bbox 79 449 175 541; x_wconf 80' lang='lat' dir='ltr'>fint,</span> <span class='ocrx_word' id='word_1_12' title='bbox 198 464 275 519; x_wconf 91' lang='lat' dir='ltr'>non</span> <span class='ocrx_word' id='word_1_13' title='bbox 292 440 395 515; x_wconf 89' lang='lat' dir='ltr'>facile</span> <span class='ocrx_word' id='word_1_14' title='bbox 409 440 494 514; x_wconf 90' lang='lat' dir='ltr'>mihi</span> <span class='ocrx_word' id='word_1_15' title='bbox 512 443 554 514; x_wconf 87' lang='lat' dir='ltr'>ab</span> <span class='ocrx_word' id='word_1_16' title='bbox 572 442 689 534; x_wconf 87' lang='lat' dir='ltr'>aliquo</span> <span class='ocrx_word' id='word_1_17' title='bbox 712 439 1023 535; x_wconf 87' lang='lat' dir='ltr'>pronunciandum</span> <span class='ocrx_word' id='word_1_18' title='bbox 1040 440 1153 515; x_wconf 70' lang='lat' dir='ltr'>vides·</span> 
     </span>
     <span class='ocr_line' id='line_1_4' title="bbox 83 538 1141 635; baseline -0.007 -15"><span class='ocrx_word' id='word_1_19' title='bbox 83 559 157 623; x_wconf 89' lang='lat' dir='ltr'>tur.</span> <span class='ocrx_word' id='word_1_20' title='bbox 213 541 298 617; x_wconf 89' lang='lat' dir='ltr'>Post</span> <span class='ocrx_word' id='word_1_21' title='bbox 307 540 528 635; x_wconf 82' lang='lat' dir='ltr'>principatus</span> <span class='ocrx_word' id='word_1_22' title='bbox 544 552 683 634; x_wconf 79' lang='lat' dir='ltr'>autem,</span> <span class='ocrx_word' id='word_1_23' title='bbox 709 542 815 614; x_wconf 84' lang='lat' dir='ltr'>etiam</span> <span class='ocrx_word' id='word_1_24' title='bbox 831 538 1027 633; x_wconf 82' lang='lat' dir='ltr'>potestates</span> <span class='ocrx_word' id='word_1_25' title='bbox 1047 560 1141 633; x_wconf 79' lang='lat' dir='ltr'>quae·</span> 
     </span>
     <span class='ocr_line' id='line_1_5' title="bbox 84 636 1177 733; baseline -0.014 -11"><span class='ocrx_word' id='word_1_26' title='bbox 84 647 167 721; x_wconf 80' lang='lat' dir='ltr'>dam</span> <span class='ocrx_word' id='word_1_27' title='bbox 187 643 417 717; x_wconf 78' lang='lat' dir='ltr'>nominantur</span> <span class='ocrx_word' id='word_1_28' title='bbox 430 639 596 713; x_wconf 86' lang='lat' dir='ltr'>adversus</span> <span class='ocrx_word' id='word_1_29' title='bbox 615 661 699 733; x_wconf 86' lang='lat' dir='ltr'>quas</span> <span class='ocrx_word' id='word_1_30' title='bbox 716 638 921 713; x_wconf 74' lang='lat' dir='ltr'>collutlatio</span> <span class='ocrx_word' id='word_1_31' title='bbox 939 638 1047 711; x_wconf 90' lang='lat' dir='ltr'>nobis</span> <span class='ocrx_word' id='word_1_32' title='bbox 1067 636 1142 733; x_wconf 72' lang='lat' dir='ltr'>est,</span> <span class='ocrx_word' id='word_1_33' title='bbox 1172 700 1177 707; x_wconf 92' lang='lat'>.</span> 
     </span>
     <span class='ocr_line' id='line_1_6' title="bbox 85 737 1145 841; baseline -0.008 -22"><span class='ocrx_word' id='word_1_34' title='bbox 85 745 123 820; x_wconf 74' lang='lat' dir='ltr'>u</span> <span class='ocrx_word' id='word_1_35' title='bbox 134 763 227 841; x_wconf 86' lang='lat' dir='ltr'>agon</span> <span class='ocrx_word' id='word_1_36' title='bbox 240 741 391 840; x_wconf 84' lang='lat' dir='ltr'>geritur:</span> <span class='ocrx_word' id='word_1_37' title='bbox 410 738 468 812; x_wconf 91' lang='lat' dir='ltr'>sed</span> <span class='ocrx_word' id='word_1_38' title='bbox 483 738 691 812; x_wconf 85' lang='lat' dir='ltr'>&amp;adversus</span> <span class='ocrx_word' id='word_1_39' title='bbox 701 738 880 835; x_wconf 86' lang='lat' dir='ltr'>principes</span> <span class='ocrx_word' id='word_1_40' title='bbox 890 737 1145 833; x_wconf 37' lang='lat' dir='ltr'>mundihuJun,</span> 
     </span>
     <span class='ocr_line' id='line_1_7' title="bbox 85 834 1138 933; baseline -0.007 -15"><span class='ocrx_word' id='word_1_41' title='bbox 85 841 289 925; x_wconf 72' lang='lat' dir='ltr'>&amp;reolores</span> <span class='ocrx_word' id='word_1_42' title='bbox 300 839 674 914; x_wconf 87' lang='lat' dir='ltr'>tenebrarumharum:</span> <span class='ocrx_word' id='word_1_43' title='bbox 693 838 850 931; x_wconf 80' lang='lat' dir='ltr'>quaedam</span> <span class='ocrx_word' id='word_1_44' title='bbox 860 840 965 911; x_wconf 92' lang='lat' dir='ltr'>etiam</span> <span class='ocrx_word' id='word_1_45' title='bbox 974 834 1138 933; x_wconf 76' lang='lat' dir='ltr'>spiritalia</span> 
     </span>
     <span class='ocr_line' id='line_1_8' title="bbox 85 934 1186 1035; baseline -0.012 -14"><span class='ocrx_word' id='word_1_46' title='bbox 85 944 227 1021; x_wconf 77' lang='lat' dir='ltr'>malitia</span> <span class='ocrx_word' id='word_1_47' title='bbox 243 940 280 1017; x_wconf 86' lang='lat' dir='ltr'>io</span> <span class='ocrx_word' id='word_1_48' title='bbox 297 937 488 1012; x_wconf 77' lang='lat' dir='ltr'>celestibus</span> <span class='ocrx_word' id='word_1_49' title='bbox 504 940 546 1011; x_wconf 90' lang='lat' dir='ltr'>ab</span> <span class='ocrx_word' id='word_1_50' title='bbox 561 937 636 1032; x_wconf 91' lang='lat' dir='ltr'>ipso</span> <span class='ocrx_word' id='word_1_51' title='bbox 650 938 762 1011; x_wconf 89' lang='lat' dir='ltr'>Paulo</span> <span class='ocrx_word' id='word_1_52' title='bbox 773 937 1014 1011; x_wconf 87' lang='lat' dir='ltr'>nominantur.</span> <span class='ocrx_word' id='word_1_53' title='bbox 1044 934 1140 1035; x_wconf 82' lang='lat' dir='ltr'>Quid</span> <span class='ocrx_word' id='word_1_54' title='bbox 1184 1018 1186 1026; x_wconf 27' lang='lat'>¹</span> 
     </span>
     <span class='ocr_line' id='line_1_9' title="bbox 86 1032 1186 1131; baseline -0.006 -15"><span class='ocrx_word' id='word_1_55' title='bbox 86 1054 207 1117; x_wconf 85' lang='lat' dir='ltr'>autem</span> <span class='ocrx_word' id='word_1_56' title='bbox 223 1039 411 1112; x_wconf 92' lang='lat' dir='ltr'>dicendum</span> <span class='ocrx_word' id='word_1_57' title='bbox 425 1036 475 1110; x_wconf 92' lang='lat' dir='ltr'>est</span> <span class='ocrx_word' id='word_1_58' title='bbox 492 1039 597 1113; x_wconf 89' lang='lat' dir='ltr'>etiam</span> <span class='ocrx_word' id='word_1_59' title='bbox 613 1038 657 1111; x_wconf 91' lang='lat' dir='ltr'>de</span> <span class='ocrx_word' id='word_1_60' title='bbox 672 1035 880 1131; x_wconf 83' lang='lat' dir='ltr'>spiritalibus</span> <span class='ocrx_word' id='word_1_61' title='bbox 898 1034 1081 1131; x_wconf 85' lang='lat' dir='ltr'>malignis,</span> <span class='ocrx_word' id='word_1_62' title='bbox 1106 1032 1138 1109; x_wconf 86' lang='lat' dir='ltr'>dt</span> <span class='ocrx_word' id='word_1_63' title='bbox 1182 1048 1186 1075; x_wconf 76' lang='lat'><em>²</em></span> 
     </span>
     <span class='ocr_line' id='line_1_10' title="bbox 84 1130 1186 1235; baseline -0.005 -19"><span class='ocrx_word' id='word_1_64' title='bbox 84 1138 306 1216; x_wconf 83' lang='lat' dir='ltr'>daemonibus</span> <span class='ocrx_word' id='word_1_65' title='bbox 327 1136 514 1213; x_wconf 90' lang='lat' dir='ltr'>immundis</span> <span class='ocrx_word' id='word_1_66' title='bbox 533 1138 591 1229; x_wconf 90' lang='lat' dir='ltr'>qui</span> <span class='ocrx_word' id='word_1_67' title='bbox 612 1137 650 1210; x_wconf 93' lang='lat' dir='ltr'>in</span> <span class='ocrx_word' id='word_1_68' title='bbox 668 1136 859 1235; x_wconf 87' lang='lat' dir='ltr'>evangeliis</span> <span class='ocrx_word' id='word_1_69' title='bbox 880 1130 1138 1229; x_wconf 62' lang='lat' dir='ltr'>nominantur?</span> <span class='ocrx_word' id='word_1_70' title='bbox 1179 1139 1186 1211; x_wconf 82' lang='lat' dir='ltr'>i</span> 
     </span>
     <span class='ocr_line' id='line_1_11' title="bbox 85 1234 1186 1331; baseline -0.008 -17"><span class='ocrx_word' id='word_1_71' title='bbox 85 1239 185 1315; x_wconf 89' lang='lat' dir='ltr'>Tum</span> <span class='ocrx_word' id='word_1_72' title='bbox 204 1236 330 1310; x_wconf 89' lang='lat' dir='ltr'>deinde</span> <span class='ocrx_word' id='word_1_73' title='bbox 346 1238 567 1331; x_wconf 82' lang='lat' dir='ltr'>appellantur</span> <span class='ocrx_word' id='word_1_74' title='bbox 587 1238 693 1311; x_wconf 89' lang='lat' dir='ltr'>etiam</span> <span class='ocrx_word' id='word_1_75' title='bbox 711 1236 868 1329; x_wconf 86' lang='lat' dir='ltr'>quaedam</span> <span class='ocrx_word' id='word_1_76' title='bbox 884 1234 982 1311; x_wconf 86' lang='lat' dir='ltr'>limili</span> <span class='ocrx_word' id='word_1_77' title='bbox 995 1234 1138 1307; x_wconf 82' lang='lat' dir='ltr'>nomine</span> <span class='ocrx_word' id='word_1_78' title='bbox 1177 1242 1186 1322; x_wconf 72' lang='lat' dir='ltr'>t</span> 
     </span>
     <span class='ocr_line' id='line_1_12' title="bbox 87 1328 1186 1432; baseline -0.007 -19"><span class='ocrx_word' id='word_1_79' title='bbox 87 1336 258 1429; x_wconf 79' lang='lat' dir='ltr'>celestia,</span> <span class='ocrx_word' id='word_1_80' title='bbox 282 1333 342 1409; x_wconf 90' lang='lat' dir='ltr'>sed</span> <span class='ocrx_word' id='word_1_81' title='bbox 367 1358 444 1430; x_wconf 87' lang='lat' dir='ltr'>quae</span> <span class='ocrx_word' id='word_1_82' title='bbox 469 1335 636 1409; x_wconf 89' lang='lat' dir='ltr'>dicuntur</span> <span class='ocrx_word' id='word_1_83' title='bbox 659 1357 753 1432; x_wconf 86' lang='lat' dir='ltr'>genu</span> <span class='ocrx_word' id='word_1_84' title='bbox 771 1332 941 1427; x_wconf 77' lang='lat' dir='ltr'>uenere,</span> <span class='ocrx_word' id='word_1_85' title='bbox 978 1334 1043 1405; x_wconf 89' lang='lat' dir='ltr'>vel</span> <span class='ocrx_word' id='word_1_86' title='bbox 1074 1328 1135 1405; x_wconf 79' lang='lat' dir='ltr'>ell‘t</span> <span class='ocrx_word' id='word_1_87' title='bbox 1177 1357 1186 1427; x_wconf 69' lang='lat' dir='ltr'><strong>g</strong></span> 
     </span>
     <span class='ocr_line' id='line_1_13' title="bbox 85 1430 1186 1531; baseline -0.009 -16"><span class='ocrx_word' id='word_1_88' title='bbox 85 1434 225 1515; x_wconf 80' lang='lat' dir='ltr'>flexura</span> <span class='ocrx_word' id='word_1_89' title='bbox 250 1436 289 1509; x_wconf 92' lang='lat' dir='ltr'>in</span> <span class='ocrx_word' id='word_1_90' title='bbox 311 1439 459 1509; x_wconf 89' lang='lat' dir='ltr'>nomine</span> <span class='ocrx_word' id='word_1_91' title='bbox 481 1433 587 1531; x_wconf 83' lang='lat' dir='ltr'>Jesu,</span> <span class='ocrx_word' id='word_1_92' title='bbox 620 1433 683 1509; x_wconf 89' lang='lat' dir='ltr'>sed</span> <span class='ocrx_word' id='word_1_93' title='bbox 698 1432 732 1508; x_wconf 72' lang='grc' dir='ltr'>δι</span> <span class='ocrx_word' id='word_1_94' title='bbox 750 1432 929 1508; x_wconf 89' lang='lat' dir='ltr'>terrestria</span> <span class='ocrx_word' id='word_1_95' title='bbox 950 1432 985 1505; x_wconf 77' lang='lat' dir='ltr'>tc</span> <span class='ocrx_word' id='word_1_96' title='bbox 1006 1430 1150 1505; x_wconf 83' lang='lat' dir='ltr'>inferna-</span> <span class='ocrx_word' id='word_1_97' title='bbox 1172 1458 1186 1527; x_wconf 67' lang='lat' dir='ltr'>e</span> 
     </span>
     <span class='ocr_line' id='line_1_14' title="bbox 87 1528 1186 1631; baseline -0.005 -24"><span class='ocrx_word' id='word_1_98' title='bbox 87 1558 167 1631; x_wconf 86' lang='lat' dir='ltr'>quae</span> <span class='ocrx_word' id='word_1_99' title='bbox 186 1555 252 1628; x_wconf 85' lang='lat' dir='ltr'>per</span> <span class='ocrx_word' id='word_1_100' title='bbox 272 1536 434 1609; x_wconf 89' lang='lat' dir='ltr'>ordinem</span> <span class='ocrx_word' id='word_1_101' title='bbox 452 1534 580 1607; x_wconf 87' lang='lat' dir='ltr'>Paulus</span> <span class='ocrx_word' id='word_1_102' title='bbox 594 1545 786 1609; x_wconf 87' lang='lat' dir='ltr'>enumerat.</span> <span class='ocrx_word' id='word_1_103' title='bbox 838 1532 878 1606; x_wconf 90' lang='lat' dir='ltr'>ln</span> <span class='ocrx_word' id='word_1_104' title='bbox 893 1554 938 1621; x_wconf 87' lang='lat' dir='ltr'>eo</span> <span class='ocrx_word' id='word_1_105' title='bbox 960 1528 1042 1605; x_wconf 85' lang='lat' dir='ltr'>sane</span> <span class='ocrx_word' id='word_1_106' title='bbox 1056 1535 1138 1604; x_wconf 88' lang='lat' dir='ltr'>loco</span> <span class='ocrx_word' id='word_1_107' title='bbox 1184 1538 1186 1557; x_wconf 92' lang='lat'>&#39;</span> 
     </span>
     <span class='ocr_line' id='line_1_15' title="bbox 88 1540 1186 1746; baseline -0.006 -36"><span class='ocrx_word' id='word_1_108' title='bbox 88 1637 129 1710; x_wconf 92' lang='lat' dir='ltr'>in</span> <span class='ocrx_word' id='word_1_109' title='bbox 155 1654 228 1729; x_wconf 92' lang='lat' dir='ltr'>quo</span> <span class='ocrx_word' id='word_1_110' title='bbox 254 1633 299 1706; x_wconf 91' lang='lat' dir='ltr'>de</span> <span class='ocrx_word' id='word_1_111' title='bbox 322 1636 555 1707; x_wconf 87' lang='lat' dir='ltr'>rationalibus</span> <span class='ocrx_word' id='word_1_112' title='bbox 585 1634 720 1706; x_wconf 89' lang='lat' dir='ltr'>naturis</span> <span class='ocrx_word' id='word_1_113' title='bbox 746 1630 956 1724; x_wconf 84' lang='lat' dir='ltr'>differimus,</span> <span class='ocrx_word' id='word_1_114' title='bbox 989 1631 1139 1703; x_wconf 81' lang='lat' dir='ltr'>reticere</span> <span class='ocrx_word' id='word_1_115' title='bbox 1176 1540 1186 1746; x_wconf 53' lang='lat' dir='ltr'>i</span> 
     </span>
     <span class='ocr_line' id='line_1_16' title="bbox 87 1726 1186 1826; baseline -0.008 -17"><span class='ocrx_word' id='word_1_116' title='bbox 87 1754 167 1811; x_wconf 89' lang='lat' dir='ltr'>non</span> <span class='ocrx_word' id='word_1_117' title='bbox 186 1736 386 1826; x_wconf 78' lang='lat' dir='ltr'>convenit,</span> <span class='ocrx_word' id='word_1_118' title='bbox 418 1756 486 1806; x_wconf 88' lang='lat' dir='ltr'>nec</span> <span class='ocrx_word' id='word_1_119' title='bbox 507 1733 552 1805; x_wconf 88' lang='lat' dir='ltr'>de</span> <span class='ocrx_word' id='word_1_120' title='bbox 568 1734 673 1806; x_wconf 89' lang='lat' dir='ltr'>nobis</span> <span class='ocrx_word' id='word_1_121' title='bbox 695 1732 836 1825; x_wconf 91' lang='lat' dir='ltr'>quidem</span> <span class='ocrx_word' id='word_1_122' title='bbox 853 1730 1062 1805; x_wconf 91' lang='lat' dir='ltr'>hominibus</span> <span class='ocrx_word' id='word_1_123' title='bbox 1084 1726 1141 1823; x_wconf 84' lang='lat' dir='ltr'>qui</span> <span class='ocrx_word' id='word_1_124' title='bbox 1178 1747 1186 1816; x_wconf 69' lang='lat' dir='ltr'>r</span> 
     </span>
     <span class='ocr_line' id='line_1_17' title="bbox 87 1821 1186 1947; baseline -0.007 -40"><span class='ocrx_word' id='word_1_125' title='bbox 87 1833 214 1924; x_wconf 89' lang='lat' dir='ltr'>utique</span> <span class='ocrx_word' id='word_1_126' title='bbox 237 1834 449 1906; x_wconf 87' lang='lat' dir='ltr'>rationabile</span> <span class='ocrx_word' id='word_1_127' title='bbox 478 1833 604 1907; x_wconf 89' lang='lat' dir='ltr'>animal</span> <span class='ocrx_word' id='word_1_128' title='bbox 629 1831 698 1905; x_wconf 83' lang='lat' dir='ltr'>effe</span> <span class='ocrx_word' id='word_1_129' title='bbox 717 1832 884 1919; x_wconf 81' lang='lat' dir='ltr'>dicimur3</span> <span class='ocrx_word' id='word_1_130' title='bbox 911 1830 1037 1903; x_wconf 89' lang='lat' dir='ltr'>sedne</span> <span class='ocrx_word' id='word_1_131' title='bbox 1058 1824 1139 1901; x_wconf 87' lang='lat' dir='ltr'>illud</span> <span class='ocrx_word' id='word_1_132' title='bbox 1178 1821 1186 1947; x_wconf 59' lang='lat' dir='ltr'>i</span> 
     </span>
     <span class='ocr_line' id='line_1_18' title="bbox 88 1929 1186 2029; baseline -0.006 -24"><span class='ocrx_word' id='word_1_133' title='bbox 88 1931 233 2026; x_wconf 87' lang='lat' dir='ltr'>quidem</span> <span class='ocrx_word' id='word_1_134' title='bbox 250 1932 366 2007; x_wconf 87' lang='lat' dir='ltr'>otiose</span> <span class='ocrx_word' id='word_1_135' title='bbox 382 1930 753 2029; x_wconf 55' lang='lat' dir='ltr'>praetereundumeffl</span> <span class='ocrx_word' id='word_1_136' title='bbox 779 1931 878 2023; x_wconf 89' lang='lat' dir='ltr'>quod</span> <span class='ocrx_word' id='word_1_137' title='bbox 894 1932 1001 2003; x_wconf 90' lang='lat' dir='ltr'>etiam</span> <span class='ocrx_word' id='word_1_138' title='bbox 1016 1929 1061 2003; x_wconf 92' lang='lat' dir='ltr'>de</span> <span class='ocrx_word' id='word_1_139' title='bbox 1080 1948 1141 2001; x_wconf 87' lang='lat' dir='ltr'>no·</span> <span class='ocrx_word' id='word_1_140' title='bbox 1182 1960 1186 1998; x_wconf 84' lang='grc'><strong>;</strong></span> 
     </span>
     <span class='ocr_line' id='line_1_19' title="bbox 87 2000 1186 2127; baseline -0.006 -19"><span class='ocrx_word' id='word_1_141' title='bbox 87 2031 144 2109; x_wconf 89' lang='lat' dir='ltr'>bis</span> <span class='ocrx_word' id='word_1_142' title='bbox 161 2032 242 2127; x_wconf 78' lang='lat' dir='ltr'>ipsas</span> <span class='ocrx_word' id='word_1_143' title='bbox 262 2031 467 2105; x_wconf 64' lang='lat' dir='ltr'>hominbus</span> <span class='ocrx_word' id='word_1_144' title='bbox 488 2030 616 2105; x_wconf 76' lang='lat' dir='ltr'>diversi</span> <span class='ocrx_word' id='word_1_145' title='bbox 633 2031 773 2123; x_wconf 90' lang='lat' dir='ltr'>quidam</span> <span class='ocrx_word' id='word_1_146' title='bbox 794 2030 938 2103; x_wconf 84' lang='lat' dir='ltr'>ordines</span> <span class='ocrx_word' id='word_1_147' title='bbox 959 2030 1142 2103; x_wconf 78' lang='lat' dir='ltr'>nominat·</span> <span class='ocrx_word' id='word_1_148' title='bbox 1182 2000 1186 2093; x_wconf 63' lang='lat' dir='ltr'>i</span> 
     </span>
     <span class='ocr_line' id='line_1_20' title="bbox 88 2126 1186 2225; baseline -0.01 -20"><span class='ocrx_word' id='word_1_149' title='bbox 88 2143 169 2222; x_wconf 82' lang='lat' dir='ltr'>tur,</span> <span class='ocrx_word' id='word_1_150' title='bbox 196 2151 278 2203; x_wconf 80' lang='lat' dir='ltr'>cum</span> <span class='ocrx_word' id='word_1_151' title='bbox 292 2130 445 2204; x_wconf 81' lang='lat' dir='ltr'>dicitur:</span> <span class='ocrx_word' id='word_1_152' title='bbox 474 2134 555 2201; x_wconf 80' lang='lat' dir='ltr'>Pars</span> <span class='ocrx_word' id='word_1_153' title='bbox 572 2136 706 2202; x_wconf 83' lang='lat' dir='ltr'>Domini</span> <span class='ocrx_word' id='word_1_154' title='bbox 719 2131 851 2223; x_wconf 83' lang='lat' dir='ltr'>populus</span> <span class='ocrx_word' id='word_1_155' title='bbox 866 2134 933 2225; x_wconf 80' lang='lat' dir='ltr'>ejus</span> <span class='ocrx_word' id='word_1_156' title='bbox 951 2130 1072 2225; x_wconf 76' lang='lat' dir='ltr'>Jacob,</span> <span class='ocrx_word' id='word_1_157' title='bbox 1087 2126 1154 2223; x_wconf 53' lang='lat' dir='ltr'>freq</span> <span class='ocrx_word' id='word_1_158' title='bbox 1181 2132 1186 2207; x_wconf 67' lang='lat' dir='ltr'>j</span> 
     </span>
     <span class='ocr_line' id='line_1_21' title="bbox 87 2228 1145 2328; baseline 0.002 -29"><span class='ocrx_word' id='word_1_159' title='bbox 87 2228 217 2303; x_wconf 79' lang='lat' dir='ltr'>oriculus</span> <span class='ocrx_word' id='word_1_160' title='bbox 235 2228 433 2300; x_wconf 76' lang='lat' dir='ltr'>hereditatis</span> <span class='ocrx_word' id='word_1_161' title='bbox 453 2234 519 2328; x_wconf 80' lang='lat' dir='ltr'>ejus</span> <span class='ocrx_word' id='word_1_162' title='bbox 537 2229 643 2313; x_wconf 75' lang='lat' dir='ltr'>lsrael·</span> <span class='ocrx_word' id='word_1_163' title='bbox 691 2228 776 2309; x_wconf 84' lang='lat' dir='ltr'>Pars</span> <span class='ocrx_word' id='word_1_164' title='bbox 796 2242 915 2301; x_wconf 86' lang='lat' dir='ltr'>autem</span> <span class='ocrx_word' id='word_1_165' title='bbox 937 2228 1145 2325; x_wconf 77' lang='lat' dir='ltr'>angelorum</span> 
     </span>
     <span class='ocr_line' id='line_1_22' title="bbox 89 2324 1146 2422; baseline -0.008 -19"><span class='ocrx_word' id='word_1_166' title='bbox 89 2328 261 2403; x_wconf 81' lang='lat' dir='ltr'>dicunntr</span> <span class='ocrx_word' id='word_1_167' title='bbox 279 2324 415 2403; x_wconf 84' lang='lat' dir='ltr'>caeterae¹</span> <span class='ocrx_word' id='word_1_168' title='bbox 432 2328 617 2401; x_wconf 82' lang='lat' dir='ltr'>nationes:</span> <span class='ocrx_word' id='word_1_169' title='bbox 635 2328 802 2420; x_wconf 85' lang='lat' dir='ltr'>quoniam</span> <span class='ocrx_word' id='word_1_170' title='bbox 820 2328 963 2422; x_wconf 84' lang='lat' dir='ltr'>quidem</span> <span class='ocrx_word' id='word_1_171' title='bbox 977 2354 1046 2397; x_wconf 87' lang='lat' dir='ltr'>cum</span> <span class='ocrx_word' id='word_1_172' title='bbox 1061 2329 1146 2397; x_wconf 75' lang='lat' dir='ltr'>divi.</span> 
     </span>
     <span class='ocr_line' id='line_1_23' title="bbox 89 2426 1149 2525; baseline -0.002 -26"><span class='ocrx_word' id='word_1_173' title='bbox 89 2428 178 2502; x_wconf 80' lang='lat' dir='ltr'>deret</span> <span class='ocrx_word' id='word_1_174' title='bbox 200 2426 332 2513; x_wconf 76' lang='lat' dir='ltr'>excelsus</span> <span class='ocrx_word' id='word_1_175' title='bbox 346 2444 478 2521; x_wconf 79' lang='lat' dir='ltr'>gentes,</span> <span class='ocrx_word' id='word_1_176' title='bbox 517 2426 757 2525; x_wconf 66' lang='lat' dir='ltr'>&amp;dispergeret</span> <span class='ocrx_word' id='word_1_177' title='bbox 771 2430 860 2522; x_wconf 73' lang='lat' dir='ltr'>filios</span> <span class='ocrx_word' id='word_1_178' title='bbox 882 2430 1002 2515; x_wconf 72' lang='lat' dir='ltr'>Adam,</span> <span class='ocrx_word' id='word_1_179' title='bbox 1034 2428 1149 2520; x_wconf 71' lang='lat' dir='ltr'>[detuit</span> 
     </span>
     <span class='ocr_line' id='line_1_24' title="bbox 80 2524 1148 2623; baseline 0.004 -27"><span class='ocrx_word' id='word_1_180' title='bbox 80 2527 173 2623; x_wconf 68' lang='lat' dir='ltr'>finer</span> <span class='ocrx_word' id='word_1_181' title='bbox 184 2530 330 2619; x_wconf 79' lang='lat' dir='ltr'>gentium</span> <span class='ocrx_word' id='word_1_182' title='bbox 337 2528 510 2616; x_wconf 80' lang='lat' dir='ltr'>secundum</span> <span class='ocrx_word' id='word_1_183' title='bbox 528 2552 693 2597; x_wconf 80' lang='lat' dir='ltr'>numerum</span> <span class='ocrx_word' id='word_1_184' title='bbox 708 2530 884 2620; x_wconf 73' lang='lat' dir='ltr'>angelorum</span> <span class='ocrx_word' id='word_1_185' title='bbox 905 2533 979 2599; x_wconf 83' lang='lat' dir='ltr'>Dei.</span> <span class='ocrx_word' id='word_1_186' title='bbox 1030 2526 1081 2600; x_wconf 79' lang='lat' dir='ltr'>Et</span> <span class='ocrx_word' id='word_1_187' title='bbox 1093 2524 1148 2623; x_wconf 81' lang='lat' dir='ltr'>¹id·</span> 
     </span>
     <span class='ocr_line' id='line_1_25' title="bbox 90 2626 1151 2714; baseline 0.001 -16"><span class='ocrx_word' id='word_1_188' title='bbox 90 2626 192 2698; x_wconf 89' lang='lat' dir='ltr'>circo</span> <span class='ocrx_word' id='word_1_189' title='bbox 210 2646 291 2698; x_wconf 92' lang='lat' dir='ltr'>cum</span> <span class='ocrx_word' id='word_1_190' title='bbox 308 2626 443 2700; x_wconf 88' lang='lat' dir='ltr'>caeteris</span> <span class='ocrx_word' id='word_1_191' title='bbox 462 2626 694 2701; x_wconf 87' lang='lat' dir='ltr'>rationalibus</span> <span class='ocrx_word' id='word_1_192' title='bbox 711 2629 848 2701; x_wconf 90' lang='lat' dir='ltr'>naturis</span> <span class='ocrx_word' id='word_1_193' title='bbox 864 2628 970 2700; x_wconf 89' lang='lat' dir='ltr'>etiam</span> <span class='ocrx_word' id='word_1_194' title='bbox 988 2626 1151 2714; x_wconf 66' lang='lat' dir='ltr'>humana.</span> 
     </span>
     <span class='ocr_line' id='line_1_26' title="bbox 89 2724 645 2817; baseline 0.002 -18"><span class='ocrx_word' id='word_1_195' title='bbox 89 2724 216 2799; x_wconf 76' lang='lat' dir='ltr'>nnimae</span> <span class='ocrx_word' id='word_1_196' title='bbox 232 2726 328 2797; x_wconf 88' lang='lat' dir='ltr'>ratio</span> <span class='ocrx_word' id='word_1_197' title='bbox 346 2726 566 2817; x_wconf 86' lang='lat' dir='ltr'>pervidenda</span> <span class='ocrx_word' id='word_1_198' title='bbox 585 2725 645 2801; x_wconf 86' lang='lat' dir='ltr'>est.</span> 
     </span>
    </p>

    <p class='ocr_par' dir='ltr' id='par_1_3' title="bbox 89 2822 1169 3415">
     <span class='ocr_line' id='line_1_27' title="bbox 168 2822 1151 2921; baseline 0.003 -25"><span class='ocrx_word' id='word_1_199' title='bbox 168 2843 202 2914; x_wconf 79' lang='lat'>3.</span> <span class='ocrx_word' id='word_1_200' title='bbox 225 2822 338 2921; x_wconf 83' lang='lat' dir='ltr'>Igitur</span> <span class='ocrx_word' id='word_1_201' title='bbox 356 2840 416 2897; x_wconf 91' lang='lat' dir='ltr'>tot</span> <span class='ocrx_word' id='word_1_202' title='bbox 435 2826 591 2921; x_wconf 81' lang='lat' dir='ltr'>&amp;tantis</span> <span class='ocrx_word' id='word_1_203' title='bbox 610 2825 775 2899; x_wconf 89' lang='lat' dir='ltr'>ordinum</span> <span class='ocrx_word' id='word_1_204' title='bbox 793 2823 1065 2919; x_wconf 84' lang='lat' dir='ltr'>officiorumque</span> <span class='ocrx_word' id='word_1_205' title='bbox 1084 2846 1151 2899; x_wconf 91' lang='lat' dir='ltr'>no·</span> 
     </span>
     <span class='ocr_line' id='line_1_28' title="bbox 89 2922 1169 3020; baseline -0.002 -21"><span class='ocrx_word' id='word_1_206' title='bbox 89 2922 248 2999; x_wconf 76' lang='lat' dir='ltr'>minibus</span> <span class='ocrx_word' id='word_1_207' title='bbox 257 2926 540 3020; x_wconf 84' lang='lat' dir='ltr'>cognominatis,</span> <span class='ocrx_word' id='word_1_208' title='bbox 566 2926 691 3017; x_wconf 84' lang='lat' dir='ltr'>quibus</span> <span class='ocrx_word' id='word_1_209' title='bbox 709 2938 850 2996; x_wconf 79' lang='lat' dir='ltr'>certtnn·</span> <span class='ocrx_word' id='word_1_210' title='bbox 860 2924 910 2997; x_wconf 89' lang='lat' dir='ltr'>est</span> <span class='ocrx_word' id='word_1_211' title='bbox 925 2924 1060 2999; x_wconf 82' lang='lat' dir='ltr'>subess&#39;e</span> <span class='ocrx_word' id='word_1_212' title='bbox 1074 2924 1169 2997; x_wconf 69' lang='lat' dir='ltr'>sub·=</span> 
     </span>
     <span class='ocr_line' id='line_1_29' title="bbox 89 3021 1155 3116; baseline 0 -20"><span class='ocrx_word' id='word_1_213' title='bbox 89 3021 256 3115; x_wconf 78' lang='lat' dir='ltr'>stantiae,</span> <span class='ocrx_word' id='word_1_214' title='bbox 280 3022 532 3116; x_wconf 84' lang='lat' dir='ltr'>requirendum</span> <span class='ocrx_word' id='word_1_215' title='bbox 553 3023 605 3097; x_wconf 85' lang='lat' dir='ltr'>est</span> <span class='ocrx_word' id='word_1_216' title='bbox 620 3036 740 3096; x_wconf 84' lang='lat' dir='ltr'>utnrm</span> <span class='ocrx_word' id='word_1_217' title='bbox 762 3022 932 3095; x_wconf 90' lang='lat' dir='ltr'>conditor</span> <span class='ocrx_word' id='word_1_218' title='bbox 951 3024 985 3096; x_wconf 80' lang='lat' dir='ltr'>oc</span> <span class='ocrx_word' id='word_1_219' title='bbox 1007 3038 1155 3097; x_wconf 88' lang='lat' dir='ltr'>creator</span> 
     </span>
     <span class='ocr_line' id='line_1_30' title="bbox 92 3122 1153 3217; baseline 0.002 -24"><span class='ocrx_word' id='word_1_220' title='bbox 92 3122 254 3195; x_wconf 87' lang='lat' dir='ltr'>omnium</span> <span class='ocrx_word' id='word_1_221' title='bbox 275 3122 400 3215; x_wconf 88' lang='lat' dir='ltr'>Deus,</span> <span class='ocrx_word' id='word_1_222' title='bbox 431 3122 604 3215; x_wconf 86' lang='lat' dir='ltr'>quosdam</span> <span class='ocrx_word' id='word_1_223' title='bbox 627 3123 766 3215; x_wconf 89' lang='lat' dir='ltr'>quidem</span> <span class='ocrx_word' id='word_1_224' title='bbox 791 3144 836 3196; x_wconf 86' lang='lat' dir='ltr'>ex</span> <span class='ocrx_word' id='word_1_225' title='bbox 859 3123 913 3196; x_wconf 86' lang='lat' dir='ltr'>his</span> <span class='ocrx_word' id='word_1_226' title='bbox 931 3123 981 3196; x_wconf 90' lang='lat' dir='ltr'>ita</span> <span class='ocrx_word' id='word_1_227' title='bbox 1000 3123 1153 3217; x_wconf 78' lang='lat' dir='ltr'>fecerit,</span> 
     </span>
     <span class='ocr_line' id='line_1_31' title="bbox 90 3215 1156 3315; baseline 0.002 -23"><span class='ocrx_word' id='word_1_228' title='bbox 90 3215 231 3292; x_wconf 72' lang='lat' dir='ltr'>faunos</span> <span class='ocrx_word' id='word_1_229' title='bbox 252 3242 296 3293; x_wconf 89' lang='lat' dir='ltr'>ac</span> <span class='ocrx_word' id='word_1_230' title='bbox 311 3223 467 3313; x_wconf 83' lang='lat' dir='ltr'>beatos,</span> <span class='ocrx_word' id='word_1_231' title='bbox 499 3237 541 3293; x_wconf 85' lang='lat' dir='ltr'>nt</span> <span class='ocrx_word' id='word_1_232' title='bbox 559 3222 647 3295; x_wconf 88' lang='lat' dir='ltr'>nihil</span> <span class='ocrx_word' id='word_1_233' title='bbox 673 3222 802 3315; x_wconf 83' lang='lat' dir='ltr'>pollmt</span> <span class='ocrx_word' id='word_1_234' title='bbox 819 3223 981 3315; x_wconf 89' lang='lat' dir='ltr'>recipere</span> <span class='ocrx_word' id='word_1_235' title='bbox 1002 3224 1156 3297; x_wconf 88' lang='lat' dir='ltr'>omnino</span> 
     </span>
     <span class='ocr_line' id='line_1_32' title="bbox 91 3318 1155 3415; baseline 0.006 -26"><span class='ocrx_word' id='word_1_236' title='bbox 91 3319 337 3393; x_wconf 81' lang='lat' dir='ltr'>contrarium:</span> <span class='ocrx_word' id='word_1_237' title='bbox 369 3321 403 3392; x_wconf 79' lang='lat' dir='ltr'>de</span> <span class='ocrx_word' id='word_1_238' title='bbox 435 3318 608 3411; x_wconf 84' lang='lat' dir='ltr'>quosdam</span> <span class='ocrx_word' id='word_1_239' title='bbox 633 3322 683 3393; x_wconf 89' lang='lat' dir='ltr'>ita</span> <span class='ocrx_word' id='word_1_240' title='bbox 707 3321 835 3393; x_wconf 82' lang='lat' dir='ltr'>fecerit</span> <span class='ocrx_word' id='word_1_241' title='bbox 858 3335 903 3393; x_wconf 89' lang='lat' dir='ltr'>ut</span> <span class='ocrx_word' id='word_1_242' title='bbox 924 3321 1054 3415; x_wconf 77' lang='lat' dir='ltr'>polimt</span> <span class='ocrx_word' id='word_1_243' title='bbox 1079 3322 1155 3395; x_wconf 77' lang='lat' dir='ltr'>tani</span> 
     </span>
    </p>
   </div>
   <div class='ocr_carea' id='block_1_3' title="bbox 90 3414 1159 3917">
    <p class='ocr_par' dir='ltr' id='par_1_4' title="bbox 90 3414 1159 3917">
     <span class='ocr_line' id='line_1_33' title="bbox 90 3414 1156 3516; baseline 0.006 -27"><span class='ocrx_word' id='word_1_244' title='bbox 90 3414 242 3489; x_wconf 86' lang='lat' dir='ltr'>virtutis</span> <span class='ocrx_word' id='word_1_245' title='bbox 259 3438 363 3509; x_wconf 88' lang='lat' dir='ltr'>quam</span> <span class='ocrx_word' id='word_1_246' title='bbox 376 3420 517 3492; x_wconf 72' lang='lat' dir='ltr'>malitia</span> <span class='ocrx_word' id='word_1_247' title='bbox 534 3418 625 3492; x_wconf 89' lang='lat' dir='ltr'>effici</span> <span class='ocrx_word' id='word_1_248' title='bbox 640 3442 807 3515; x_wconf 84' lang='lat' dir='ltr'>capaces:</span> <span class='ocrx_word' id='word_1_249' title='bbox 833 3436 894 3494; x_wconf 90' lang='lat' dir='ltr'>aut</span> <span class='ocrx_word' id='word_1_250' title='bbox 912 3421 938 3492; x_wconf 86' lang='lat' dir='ltr'><strong>fi</strong></span> <span class='ocrx_word' id='word_1_251' title='bbox 957 3420 1156 3516; x_wconf 84' lang='lat' dir='ltr'>putandum</span> 
     </span>
     <span class='ocr_line' id='line_1_34' title="bbox 91 3512 1158 3613; baseline 0.004 -24"><span class='ocrx_word' id='word_1_252' title='bbox 91 3512 147 3589; x_wconf 85' lang='lat' dir='ltr'>est</span> <span class='ocrx_word' id='word_1_253' title='bbox 168 3515 268 3606; x_wconf 85' lang='lat' dir='ltr'>quod</span> <span class='ocrx_word' id='word_1_254' title='bbox 291 3517 381 3590; x_wconf 87' lang='lat' dir='ltr'>alios</span> <span class='ocrx_word' id='word_1_255' title='bbox 403 3520 454 3590; x_wconf 90' lang='lat' dir='ltr'>ita</span> <span class='ocrx_word' id='word_1_256' title='bbox 470 3518 624 3609; x_wconf 80' lang='lat' dir='ltr'>fecerit,</span> <span class='ocrx_word' id='word_1_257' title='bbox 649 3535 691 3589; x_wconf 93' lang='lat' dir='ltr'>ut</span> <span class='ocrx_word' id='word_1_258' title='bbox 709 3521 857 3592; x_wconf 91' lang='lat' dir='ltr'>omnino</span> <span class='ocrx_word' id='word_1_259' title='bbox 878 3520 1066 3613; x_wconf 88' lang='lat' dir='ltr'>incapaces</span> <span class='ocrx_word' id='word_1_260' title='bbox 1088 3520 1158 3593; x_wconf 80' lang='lat' dir='ltr'>sint</span> 
     </span>
     <span class='ocr_line' id='line_1_35' title="bbox 93 3611 1155 3711; baseline 0.006 -24"><span class='ocrx_word' id='word_1_261' title='bbox 93 3611 141 3687; x_wconf 78' lang='lat' dir='ltr'>ad</span> <span class='ocrx_word' id='word_1_262' title='bbox 165 3613 360 3709; x_wconf 79' lang='lat' dir='ltr'>virtutem,</span> <span class='ocrx_word' id='word_1_263' title='bbox 395 3617 430 3689; x_wconf 80' lang='lat' dir='ltr'>de</span> <span class='ocrx_word' id='word_1_264' title='bbox 455 3618 544 3691; x_wconf 82' lang='lat' dir='ltr'>alios</span> <span class='ocrx_word' id='word_1_265' title='bbox 569 3617 737 3690; x_wconf 87' lang='lat' dir='ltr'>malitiam</span> <span class='ocrx_word' id='word_1_266' title='bbox 762 3618 904 3711; x_wconf 83' lang='lat' dir='ltr'>quidem</span> <span class='ocrx_word' id='word_1_267' title='bbox 929 3641 1155 3711; x_wconf 89' lang='lat' dir='ltr'>nequaquam</span> 
     </span>
     <span class='ocr_line' id='line_1_36' title="bbox 91 3710 1157 3809; baseline -0.002 -24"><span class='ocrx_word' id='word_1_268' title='bbox 91 3710 198 3806; x_wconf 80' lang='lat' dir='ltr'>poss‘e</span> <span class='ocrx_word' id='word_1_269' title='bbox 209 3715 393 3808; x_wconf 83' lang='lat' dir='ltr'>recipere,</span> <span class='ocrx_word' id='word_1_270' title='bbox 418 3714 645 3793; x_wconf 86' lang='lat' dir='ltr'>solummodo</span> <span class='ocrx_word' id='word_1_271' title='bbox 659 3731 778 3789; x_wconf 90' lang='lat' dir='ltr'>autem</span> <span class='ocrx_word' id='word_1_272' title='bbox 793 3716 893 3809; x_wconf 82' lang='lat' dir='ltr'>polle</span> <span class='ocrx_word' id='word_1_273' title='bbox 909 3718 946 3791; x_wconf 88' lang='lat' dir='ltr'>in</span> <span class='ocrx_word' id='word_1_274' title='bbox 965 3718 1157 3797; x_wconf 71' lang='lat' dir='ltr'>beatitudi.</span> 
     </span>
     <span class='ocr_line' id='line_1_37' title="bbox 93 3816 1159 3917; baseline -0.002 -26"><span class='ocrx_word' id='word_1_275' title='bbox 93 3830 143 3891; x_wconf 80' lang='lat' dir='ltr'>uo</span> <span class='ocrx_word' id='word_1_276' title='bbox 160 3832 397 3911; x_wconf 83' lang='lat' dir='ltr'>permanere:</span> <span class='ocrx_word' id='word_1_277' title='bbox 434 3816 525 3893; x_wconf 84' lang='lat' dir='ltr'>alios</span> <span class='ocrx_word' id='word_1_278' title='bbox 545 3834 640 3890; x_wconf 85' lang='lat' dir='ltr'>vero</span> <span class='ocrx_word' id='word_1_279' title='bbox 657 3818 745 3891; x_wconf 82' lang='lat' dir='ltr'>tales</span> <span class='ocrx_word' id='word_1_280' title='bbox 768 3818 828 3911; x_wconf 86' lang='lat' dir='ltr'>qui</span> <span class='ocrx_word' id='word_1_281' title='bbox 850 3816 980 3917; x_wconf 76' lang='lat' dir='ltr'>possint</span> <span class='ocrx_word' id='word_1_282' title='bbox 1001 3818 1159 3909; x_wconf 66' lang='lat' dir='ltr'>utraque</span> 
     </span>
    </p>
   </div>
   <div class='ocr_carea' id='block_1_4' title="bbox 966 3914 1105 4022">
    <p class='ocr_par' dir='ltr' id='par_1_5' title="bbox 966 3914 1105 4022">
     <span class='ocr_line' id='line_1_38' title="bbox 966 3914 1105 4022; baseline 0.029 -27"><span class='ocrx_word' id='word_1_283' title='bbox 966 3914 1105 4022; x_wconf 74' lang='lat' dir='ltr'>recipe·</span> 
     </span>
    </p>
   </div>
   <div class='ocr_carea' id='block_1_5' title="bbox 0 0 1262 4254">
    <p class='ocr_par' dir='ltr' id='par_1_6' title="bbox 0 0 1262 4254">
     <span class='ocr_line' id='line_1_39' title="bbox 0 0 1262 4254; baseline 0 0"><span class='ocrx_word' id='word_1_284' title='bbox 0 0 1262 4254; x_wconf 95' lang='lat' dir='ltr'> </span> 
     </span>
    </p>
   </div>
  </div>
 </body>
</html>
