2498 4254
249 158 744 273 autumemus,
792 130 1022 240 maru(
1080 185 1155 261 a,

85 328 182 432 opsita
197 324 323 422 Christo
342 322 444 423 Jesui
474 319 682 399 Tribulatio?
705 330 759 397 An
773 324 935 422 angustia?
962 324 1154 420 Auferret!

87 433 143 505 An
159 423 321 501 nuditas?
345 425 402 526 Au
417 427 614 521 periculum?
638 430 694 499 An
710 423 858 523 gladius?
881 425 952 499 Per
966 427 1042 499 haec
1059 427 1155 529 enim

87 528 211 603 omnia
227 523 468 599 manifestatur
489 524 523 599 &
541 525 707 621 proditur
723 526 1003 619 uniuscujusque
1018 536 1155 621 propo·
1209 528 1228 547 ‘

86 628 192 703 ntum·
218 625 254 699 u
279 624 552 719 perseverantia
585 621 730 699 firmitas
754 626 953 720 indicatur,
978 646 1057 707 non
1080 641 1155 703 tam

87 724 175 803 Deo
215 726 276 817 qui
305 725 414 799 novit
441 726 562 799 omnia
587 739 774 817 antequam
798 722 917 819 siant,
963 748 1068 821 quam
1098 747 1153 801 ra·

89 824 323 899 tionabilibus
356 824 622 917 caelestibusque
654 825 879 918 virtutibus,
920 848 999 917 quae
1028 826 1154 919 utique

90 925 385 1023 procurationem
408 923 526 999 salutis
543 925 703 997 humanae
718 925 821 998 velut
831 922 998 1018 'quaedam
1013 924 1156 1017 adjutri-

91 1046 149 1097 ces
168 1024 244 1097 Dei
256 1022 489 1115 ministraeque
509 1022 641 1096 sortita
657 1022 747 1099 sunt.
798 1024 848 1099 Hi
865 1045 960 1097 vero
985 1025 1044 1117 qui
1064 1044 1155 1097 non·

92 1124 176 1198 dum
201 1122 237 1195 se
261 1136 361 1195 tanta
386 1122 606 1215 constantia,
638 1146 755 1215 neque
772 1137 882 1196 tanto
909 1122 1039 1197 affeilu
1065 1121 1155 1196 offe·
1196 1188 1199 1193 .

94 1236 176 1295 runt
196 1220 304 1314 Deo,
330 1244 448 1314 neque
467 1222 581 1315 parati
603 1220 683 1295 sunt
705 1223 915 1297 accedentes
936 1223 982 1296 ad
1006 1222 1156 1301 servitu·

94 1335 164 1395 tem
182 1321 256 1393 Dei
276 1341 473 1415 praeparare
495 1324 626 1395 animas
646 1320 722 1395 suas
746 1323 790 1397 ad
806 1323 1069 1416 tentationem,
1095 1322 1155 1395 de·

97 1422 245 1513 relinqui
265 1422 431 1507 dicuntur
455 1442 475 1492 a
501 1420 608 1515 De0,
635 1420 770 1515 idest,
797 1442 875 1494 non
902 1423 1058 1515 erudiri,
1084 1441 1153 1515 pro

42 1534 47 1572 ·‘
99 1542 139 1595 eo
153 1518 254 1613 quod
273 1520 317 1593 ad
330 1519 559 1593 erudiendum
572 1521 686 1613 parati
700 1518 888 1614 nonsunt,
915 1524 955 1595 in
971 1520 1157 1618 posterum

42 1625 47 1705 j·
98 1618 164 1693 stne
183 1618 294 1693 dubio
315 1632 456 1710 tempus
473 1640 600 1693 eorum
616 1618 875 1715 dispensatione
889 1622 954 1693 vel
970 1622 1158 1694 curatione

42 1711 50 1811 l
101 1717 226 1797 dilata.-
265 1722 339 1813 Qui
357 1720 482 1811 urique
496 1719 580 1811 quid
600 1718 721 1793 aDeo
737 1720 1027 1812 consequentur,
1054 1721 1156 1817 igno-

42 1851 51 1874 r
100 1834 193 1911 rant,
228 1818 290 1893 nisr
310 1821 406 1912 prius
426 1814 470 1891 a'd
491 1814 655 1891 beneficii
679 1817 920 1911 consequendi
945 1819 1156 1895 defiderium

101 1918 284 1992 venerint:
311 1918 409 2009 quod
430 1918 481 1991 ita
503 1917 644 1990 demum
661 1916 750 2008 fiet,
775 1917 802 1990 fi
826 1918 903 2009 quis
926 1930 1010 1991 ante
1032 1916 1155 1992 semet·

101 2016 206 2111 ipsum
226 2014 445 2112 cognoscat,
479 2017 515 2089 u
533 2016 660 2089 sentiat
680 2016 765 2110 quid
782 2017 846 2091 fibi
870 2016 977 2090 desrt:
1004 2017 1157 2111 &quod

101 2114 157 2191 sbi
170 2116 288 2209 deest,
315 2138 425 2209 aquo
439 2137 598 2209 quarere
614 2117 675 2191 vel
689 2117 817 2191 debeat
836 2118 898 2191 vel
910 2114 1028 2211 pollit,
1053 2118 1159 2193 intel·

102 2214 189 2312 ligat.
243 2218 315 2317 Qui
344 2216 437 2289 enim
461 2238 538 2289 non
559 2216 778 2295 intellexerit
796 2216 892 2310 prius
911 2212 1157 2291 infirmitatem

104 2318 159 2389 rel
172 2316 418 2412 egritudinem
433 2316 547 2408 suam,
571 2315 750 2391 medicum
764 2335 923 2409 quarere
938 2313 1071 2392 nescit:
1096 2318 1160 2391 vel

61 2506 66 2515 ι
106 2430 197 2491 certe
215 2436 296 2491 cum
312 2416 490 2508 receperit
503 2415 706 2511 sanitatem,
730 2437 807 2491 non
830 2416 900 2489 erit
912 2432 1033 2512 gratus
1049 2416 1159 2491 medi·

106 2534 167 2609 to,
191 2518 251 2609 qui
280 2538 356 2588 non
377 2516 476 2609 prius
497 2515 695 2611 periculum
719 2514 768 2587 sui
785 2515 969 2613 languoris
993 2517 1156 2611 agnovit

104 2608 153 2689 Ita
170 2614 205 2688 δι
220 2612 246 2689 s1
264 2614 324 2707 qui
337 2616 413 2689 no'n
425 2614 523 2707 prius
537 2616 660 2688 anima
676 2612 746 2687 suae
760 2615 851 2689 vitia
870 2614 904 2687 dt
920 2628 1157 2708 peccatorum

104 2710 241 2789 suorum
261 2715 481 2811 cognoverit
493 2715 603 2805 mala,
629 2735 671 2785 ac
691 2716 828 2809 proprii
848 2717 921 2786 oris
940 2714 1159 2792 confessioue

105 2814 319 2907 prodiderit,
343 2815 508 2911 purgari,
534 2813 564 2887 is
584 2811 793 2906 absolvique
820 2835 897 2887 non
925 2817 1084 2908 poterit,
1111 2837 1159 2888 ne

103 2914 245 3011 ignoret
261 2915 323 2991 fibi
343 2930 409 3007 per
429 2912 576 3010 gratlam
596 2910 799 2986 concessum
820 2910 923 2987 fuisse
937 2914 1036 3005 quod
1055 2914 1158 3007 polli-

103 3014 181 3107 det,
208 3013 416 3088 &divinam
430 3014 680 3087 liberalitatem
702 3013 888 3107 proprium
900 3014 1039 3087 bonum
1053 3024 1160 3106 puter

103 3134 176 3207 quae
193 3134 252 3189 res
268 3114 340 3188 sme
364 3114 474 3189 dubio
501 3116 738 3209 arrogantiam
761 3110 1028 3191 rursus.,animae
1053 3134 1159 3209 gene·

42 3227 44 3266 ²
101 3229 155 3287 rat
170 3214 205 3287 u
221 3214 434 3306 elationem,
461 3212 631 3286 &denuo
649 3213 683 3285 ei
698 3208 799 3286 causa
812 3210 856 3285 fit
871 3212 992 3285 ruinae.
1045 3212 1159 3315 Quod

100 3315 207 3393 etiam
233 3314 279 3389 de
305 3314 452 3397 diabolo
476 3310 696 3389 sentiendum
720 3310 853 3406 estqui
876 3313 1048 3411 primatus
1077 3311 1160 3389 suos
1197 3400 1209 3421 .-

1027 3432 1113 3507 pro·

326 3550 753 3649 surraanrrarro
787 3592 937 3647 noun.

99 3719 274 3797 aliatum.
326 3680 387 3789 Ob
404 3732 553 3804 eamque
567 3709 704 3785 causam
716 3710 875 3809 intellige
891 3708 1106 3806 sapientibus
1127 3708 1161 3782 tr

100 3816 337 3943 prudentibus
350 3812 557 3897 abscondita
569 3810 1162 3987 effediwmystem'mfflgm
