2498 4254
244 150 321 231 nt
367 148 711 259 rntncnurs,
761 148 863 232 tiu
888 132 987 233 ru'
1055 168 1125 255 nn

71 310 178 411 sequi
201 330 396 412 poterant:
430 313 576 411 regendi
601 306 755 409 'quoque
775 314 1016 413 regnandique
1046 324 1128 393 cor'·

72 434 196 511 ruptas
215 415 369 489 restituit
388 416 513 510 leges,
539 414 631 487 dum
646 434 771 487 omnes
789 416 953 489 inimicos
975 414 1126 511 subjecit

70 516 223 611 pedibus
241 514 334 606 suir‚'
358 526 399 587 ut
411 510 562 607 per'hoc
579 513 678 603 quod
690 512 831 589 neceffe
843 514 894 587 est
912 535 1127 615 eumregno,

71 638 114 691 re
134 618 250 689 donec
266 625 379 707 ponat
396 613 561 685 inimicos
574 609 655 685 suos
670 608 732 685 sub
753 614 904 707 pedibus
931 614 1126 693 &noviffit

69 738 169 790 mum
179 716 360 787 inimicum
369 712 524 785 destruat
535 724 706 805 mortem,
721 712 878 787 restores
892 712 986 806 ipsos
999 735 1125 813 regen·

68 816 108 889 di
123 816 255 888 doceat
264 810 517 897 moderamine
544 810 639 912 Quia
649 832 736 907 ergo
748 832 825 885 non
836 812 949 886 solum
960 816 1123 913 regendi,

68 916 134 987 vei
152 912 349 1009 regnandi,
375 912 622 984 verumetiam
642 910 861 1006 obediendi,
886 925 929 985 ut
951 912 1124 1011 diximus,

68 1030 223 1086 venerat
236 1029 402 1103 reparare
412 1007 641 1104 disciplinam,
656 1010 695 1082 in
710 1007 897 1104 semetipso
912 1012 1009 1105 prius
1024 1034 1124 1089 com·

67 1114 173 1206 piens
191 1112 288 1203 quod
313 1111 356 1183 ab
381 1110 456 1183 aliis
473 1109 624 1182 volebat
643 1109 802 1204 inpleri,
826 1110 963 1185 idcirco
978 1133 1054 1185 non
1067 1112 1123 1185 so·

66 1213 144 1291 lum
154 1209 316 1304 usquead
329 1222 483 1285 mortem
501 1208 616 1299 crucis
633 1210 725 1301 putri
738 1210 910 1283 obediens
926 1202 1037 1283 fuctus
1056 1212 1121 1305 est,

66 1331 198 1383 verunt
221 1311 327 1382 etiarn
348 1309 386 1381 in
410 1304 715 1381 consummatione
732 1308 846 1383 saeculi
870 1310 909 1381 in
933 1308 1122 1405 semetipso

67 1408 310 1503 completions
337 1427 462 1481 ornnes
488 1428 578 1498 quos
604 1405 743 1500 subjicit
766 1409 886 1503 patri,
913 1408 947 1482 ἀ
971 1412 1031 1502 qui
1055 1418 1122 1504 per·¹

67 1530 152 1583 eum
183 1510 334 1581 veniunt
357 1506 402 1579 ad
427 1508 601 1598 sulutem,
637 1528 719 1580 curn
735 1508 815 1601 ipsis
839 1508 874 1581 oc
896 1508 934 1580 in
952 1509 1030 1602 ipfis
1047 1508 1122 1603 ipse

67 1629 213 1701 quoque
237 1604 409 1699 subjectus
432 1606 561 1681 dicitur
580 1609 699 1697 patri:
732 1607 816 1681 dum
838 1609 958 1681 omnia
985 1610 1120 1703 inipso

66 1708 256 1798 constant,
284 1703 402 1799 &ipse
418 1702 468 1777 est
481 1719 588 1797 caput
602 1706 785 1798 omnium,
809 1706 844 1779 ἃ
861 1710 898 1780 in
913 1708 989 1799 ip'so
1006 1708 1057 1781 est
1071 1709 1121 1785 sa·

62 1807 121 1881 lus
140 1805 175 1877 &
189 1803 335 1879 sulutem
357 1802 648 1896 consequentium
662 1804 863 1897 plenitudo,
914 1806 1008 1879 Hoc
1029 1828 1119 1903 ergo
1193 1861 1198 1875 .

66 1906 122 1979 est
138 1905 235 1997 quod
254 1906 299 1978 de
317 1925 364 1977 eo
380 1904 468 1977 dicit
483 1902 697 1995 Apostolus:
725 1907 805 1975 Cum
820 1921 925 1977 autem
937 1912 966 1977 ri
977 1908 1120 2006 [abjicio

57 2004 195 2100 fuerint
209 2012 331 2093 omnia,
354 2000 396 2079 (ὅ
412 2004 576 2099 ipsrjiltur
587 2000 746 2100 subjeflus
763 2010 828 2077 erit
851 2012 881 2076 ei
901 2013 961 2103 qui
973 2006 1122 2103 fibisttbr

62 2107 150 2177 didit
163 2112 286 2189 onmia,
312 2104 402 2201 ntfit
423 2110 511 2175 Deus
528 2109 635 2175 omnia
649 2108 687 2175 io
702 2106 857 2177 omnibus.

142 2222 176 2297 7.
202 2204 342 2277 Verum
358 2198 480 2277 nescio
502 2222 576 2294 quo
596 2199 701 2297 patio
719 2203 877 2277 haeretici
893 2222 970 2277 non
988 2204 1119 2281 inteili-¹

61 2317 190 2401 gentes
214 2300 383 2397 Apostoli
406 2302 540 2375 sensum
566 2302 626 2393 qui
651 2300 705 2375 hir
732 2304 855 2377 verbis
888 2305 1117 2402 continetur,

62 2401 289 2497 subiectionis
310 2404 347 2474 in
367 2399 444 2477 filio
465 2423 599 2476 nomen
623 2402 816 2477 infamant:
841 2402 942 2495 cuius
965 2407 1120 2499 appella·

62 2503 176 2575 tionis
201 2502 226 2599 sr
250 2503 451 2595 proprietas
474 2503 692 2595 requiritur,
726 2522 772 2575 ex
798 2503 986 2575 contrariis
1010 2504 1119 2581 facile

60 2602 204 2696 poterit
217 2602 382 2676 inveniri.
432 2601 527 2675 Nam
547 2596 779 2694 fisubjetium
797 2601 960 2677 essenon
978 2602 1029 2676 est
1049 2606 1118 2677 bo·

61 2722 170 2793 num,
195 2700 303 2775 restat
315 2716 357 2773 ut
371 2700 459 2773 iliud
474 2699 573 2792 quod
588 2702 805 2775 contrarium
816 2700 887 2793 est,
910 2702 1115 2798 bonumfit,

61 2799 101 2873 id
117 2800 187 2894 est,
213 2822 288 2873 non
306 2798 376 2873 eise
390 2798 591 2891 subJettun.
641 2800 766 2873 Sermo
781 2820 933 2892 namque
944 2798 1118 2893 Apostoli

61 2898 254 2975 secundum
269 2898 367 2991 quod
384 2898 438 2971 isti
456 2900 613 2991 volunt,
639 2898 714 2973 hoc
734 2898 881 2973 videtur
899 2897 1122 2995 ostenderep

61 2998 147 3073 dum
167 3000 270 3071 dicit:
299 3004 377 3069 Cum
389 3017 490 3079 autem
504 3007 532 3069 ci
544 2994 819 3096 subjefiofuetint
831 3003 958 3089 'omnia,
984 2998 1116 3077 tnnc&

61 3103 125 3194 ipse
133 3101 221 3185 filius
231 3096 386 3195 jubjefius
405 3103 468 3171 crit
485 3106 516 3169 ri
535 3099 654 3194 quifiin'
661 3098 802 3188 firbdr'dit
814 3122 939 3171 omnia:
962 3108 1006 3171 ut
1020 3098 1117 3193 quusi
1146 3190 1149 3195 Ι

59 3194 167 3290 isqui
182 3220 280 3271 nunc
292 3199 385 3292 putri
401 3194 574 3290 subjetius
595 3218 673 3271 non
693 3196 757 3292 fit,
783 3196 957 3291 subjetnn
970 3194 1115 3273 tutuno
1139 3240 1143 3247 ·

58 3296 208 3371 sit—tunc
231 3318 311 3371 curn
329 3299 425 3390 prius
442 3314 545 3390 pater
566 3296 599 3369 ei
616 3297 781 3371 universa
792 3295 992 3391 subjecerit.
1008 3306 1011 3311 '
1042 3296 1116 3375 Ser

58 3397 172 3471 miror
195 3398 380 3489 quomodo
401 3399 474 3470 hoc
496 3396 645 3492 intelligi
665 3396 797 3492 ponit,
829 3414 872 3471 ut
890 3398 920 3471 ir
937 3396 999 3491 qui
1020 3418 1120 3473 non·
1230 3398 1234 3407 “

60 3494 144 3569 dum
159 3497 221 3569 fibi
233 3496 393 3591 subjettis
410 3498 573 3569 omnibus
587 3516 664 3568 non
677 3498 728 3569 est
739 3496 812 3591 ipse
823 3492 1011 3591 subintus,
1023 3511 1121 3574 tune

61 3612 144 3669 curn
159 3594 309 3687 subjecto
318 3592 453 3668 fuerint
468 3597 530 3669 fibi
543 3596 677 3687 omnia,
691 3617 773 3669 cum
788 3614 853 3669 rex
867 3599 1026 3671 omnium
1035 3596 1117 3672 fue.

56 3692 389 3788 tinuzpotestatum
398 3700 554 3768 tenuerit
566 3695 827 3790 universorum,
839 3710 927 3769 tunc
940 3718 1021 3771 eum
1032 3695 1112 3770 sub·
1129 3773 1134 3783 ,

53 3792 250 3888 iiciendurn
257 3808 402 3893 putent,
420 3816 501 3869 curn
513 3792 687 3888 subjectus
700 3809 874 3893 antonno
888 3794 1124 3965 fuerintuxotu

131 3938 136 3947 ·
184 3948 191 3959 .
967 3908 1051 3969 mik
1062 3930 1079 3948 -
