2498 4254
323 155 420 233 na
469 70 910 279 orationi
1082 185 1208 271 ςςιΙ

93 317 239 419 qtsidern
255 321 402 416 propria
428 324 544 414 mala,
570 323 763 416 ebriusque
786 323 830 398 stt
848 326 960 423 longe
976 327 1160 421 pernicio·

91 424 311 516 stuaquama
327 423 432 513 vino,
454 421 590 497 scilieet
603 424 747 497 malitie
761 426 922 499 tenebris
936 424 1156 505 obcaecatus.

89 521 209 605 Porro
233 523 331 615 quod
356 520 475 596 Lucas
502 527 571 598 ait:
607 528 751 596 Dimitte
771 524 862 595 mobis
879 541 1002 621 peccata
1022 529 1156 624 nnita,

92 620 199 720 (cum
219 634 369 717 peccata
383 622 468 697 inde
486 626 650 698 oriantur
662 623 764 717 ,quod
782 644 861 697 non
881 624 1157 717 reddimusque

91 721 308 819 debemus‚)
324 721 475 797 idemne
492 722 690 798 Mattheus
706 725 807 815 dicit,
833 725 894 816 qui
913 745 991 798 non
1010 726 1157 799 videmur

89 825 217 898 locum
233 824 266 895 ei
280 823 377 914 dare,
404 825 464 914 qui
476 820 564 896 ¹solis
578 825 837 916 poenitentibue
853 823 1078 905 debitoribus
1097 847 1159 899 re-

88 925 236 998 mittere
253 923 365 1014 velit,
389 942 472 997 cum
493 925 590 996 dicat
606 945 626 995 e
640 927 825 997 servatore
844 923 1088 1018 prescriptum
1105 923 1156 1002 es·

89 1019 129 1094 se
148 1034 198 1095 'ut‘
217 1023 374 1095 orationi
395 1025 583 1097 addamus:
615 1022 653 1099 Si
675 1025 799 1121 quidem
821 1020 861 1099 dt
884 1024 940 1121 ipſs
962 1027 1157 1097 dimittimus

89 1128 177 1193 ommi
191 1123 311 1192 detersti
325 1122 423 1198 mstis.
475 1121 658 1197 Habemus
673 1124 780 1221 igitur
793 1143 922 1196 omnes
938 1122 1157 1218 potestatem

88 1222 298 1297 remittendi
317 1234 468 1316 peccata
483 1224 521 1296 in
537 1244 607 1297 noe
623 1221 777 1316 edmille,
802 1235 844 1295 ut
862 1223 1086 1298 menifestum
1105 1222 1157 1297 est
1207 1302 1215 1317 ,

92 1342 141 1396 ex
167 1323 250 1396 his:
282 1327 375 1394 Sicut
398 1321 438 1401 di
454 1348 511 1393 nos
534 1325 729 1396 dimittimur
748 1324 936 1395 debitoribus
957 1324 1094 1422 ttsftrit,
1121 1323 1158 1397 dt

91 1443 139 1496 ex
157 1420 249 1495 istis:
274 1424 315 1493 St
333 1428 459 1523 quidem
475 1426 515 1499 tt
533 1425 589 1523 ipfi
605 1426 797 1496 dimittimus
812 1428 897 1494 tmtri
914 1423 1039 1494 debenti
1055 1425 1156 1502 nobis.

90 1521 163 1596 Sed
184 1523 215 1594 is
235 1523 273 1594 in
292 1543 399 1614 quem
417 1522 517 1620 Jesus
545 1523 758 1616 insufflavit,
794 1523 1097 1615 quemadmodum
1116 1527 1156 1605 iu

88 1619 315 1714 Apostolos,
342 1625 475 1717 quique
491 1645 510 1697 a
528 1621 702 1699 frudiibus
724 1620 895 1719 cognosci
913 1621 1034 1715 potest
1053 1643 1157 1697 acce·

86 1719 176 1818 pille
201 1721 371 1817 Spiritum
391 1721 546 1799 fandum
565 1723 607 1796 dt
633 1720 745 1796 fedius
771 1720 843 1796 elle
865 1720 1075 1816 spiritualis,
1107 1743 1157 1797 eo

89 1819 191 1913 quod
205 1821 338 1913 Spiritu
347 1823 440 1915 Dei,
463 1843 566 1897 more
583 1821 664 1896 Filii
672 1822 766 1915 Dei,
784 1832 908 1918 agatur
920 1819 963 1894 ad
976 1842 1019 1894 ea
1033 1821 1158 1897 omnia

89 1938 171 2010 quae
188 1921 333 1992 ratione
348 1922 505 2018 gerenda
518 1920 621 1997 sunt:
644 1923 676 1997 it
697 1922 846 1996 dimittit
862 1940 940 2013 quae
956 1919 1158 1995 dimitteret

88 2017 194 2093 Deus
216 2017 476 2094 &insanabilia
498 2034 649 2113 peecata
673 2022 838 2112 retinet,
871 2017 1071 2094 ministrans
1092 2017 1158 2114 (ut

89 2118 282 2214 prophete
302 2118 389 2192 Deo
411 2118 657 2196 ministrabunt
677 2122 870 2213 loquentes
890 2139 968 2193 non
986 2117 1068 2211 sua,
1094 2117 1158 2195 sed

88 2239 168 2311 quae
183 2218 315 2292 divina
334 2231 436 2294 erant
453 2219 676 2318 voluntatis)
691 2220 738 2295 lic
755 2218 876 2313 &ipse
894 2218 961 2293 soli
976 2217 1158 2293 dimitten-

89 2318 126 2392 di
147 2316 364 2413 potestatem
392 2320 540 2394 habenti
564 2319 662 2397 Deo.
723 2317 784 2394 Sic
808 2333 929 2393 autern
956 2316 1157 2405 habentia

88 2415 293 2514 Evangelio
318 2418 514 2496 secundum
527 2422 708 2519 Joannem
727 2440 806 2512 quae
821 2419 867 2493 de
890 2417 1091 2494 remillione
1110 2418 1156 2493 ah

88 2515 280 2612 Apostolis
295 2520 533 2595 concedenda
554 2520 685 2615 scripta
700 2519 814 2594 sunt?
832 2523 975 2616 Accipite
992 2522 1157 2615 Spiritum

87 2615 260 2707 dandum,
293 2644 425 2718 querum
460 2624 644 2714 remiseritis
664 2637 810 2718 peccatu,
847 2623 1066 2710 remittuntur
1090 2623 1157 2694 eis:

87 2715 129 2794 (ὅ
154 2738 286 2815 quorum
311 2725 537 2811 retinueritis,
565 2738 689 2793 retente
707 2721 801 2810 sunt.
832 2717 993 2819 'Qttaesr
1018 2719 1155 2809 absque

89 2817 255 2891 examine
276 2821 518 2913 accipiantur,
545 2818 733 2894 accusandi
754 2818 977 2894 videbuntur
995 2813 1156 2911 Aposto-

86 2919 138 3009 li,
163 2916 264 3008 quod
278 2938 356 2990 non
373 2921 542 2993 omnibus
559 2919 767 3012 remittant,
792 2933 836 2992 ut
850 2918 1017 2993 omnibus
1034 2916 1156 2989 remit·

87 3029 213 3109 tatur,
247 3014 307 3090 sed
331 3019 567 3111 quorumdam
585 3020 771 3095 retineant
792 3031 945 3115 peccata
958 3018 1008 3091 ita
1029 3028 1070 3087 ut
1088 3014 1155 3110 p'er

88 3137 155 3192 eos
169 3117 276 3191 etiam
293 3119 388 3213 apud
406 3117 528 3194 Deum
544 3119 781 3199 retineantur.
832 3115 936 3190 Utile
950 3129 1070 3189 autem
1084 3115 1155 3188 erit

86 3217 294 3310 exemplum
319 3240 340 3291 e
358 3219 440 3315 lege
458 3216 668 3310 desumere,
704 3231 748 3291 ut
768 3216 990 3313 intelligatur
1012 3237 1055 3291 ea
1075 3234 1155 3306 quae

86 3337 154 3415 per
178 3316 346 3390 homines
368 3318 492 3392 aDeo
523 3315 566 3390 lit
595 3318 803 3391 hominibus
829 3327 1065 3411 peccatorum
1095 3334 1153 3389 te-

85 3414 209 3498 miffio.
262 3414 506 3491 Prohibentur
524 3420 611 3513 legis
629 3414 835 3491 sacerdotes
852 3437 920 3512 pro
939 3412 1151 3507 quibusdam

87 3513 224 3588 delitiis
244 3515 380 3590 offerte
398 3515 639 3611 sacrificium,
664 3531 707 3589 ut
725 3518 769 3590 iis
785 3535 855 3613 pro
874 3516 1002 3608 quibus
1022 3508 1151 3586 sacrifi·

85 3615 141 3688 cia
160 3613 366 3690 offeruntur
384 3618 614 3692 remittantur
631 3614 769 3692 delidla.
820 3617 905 3690 Nee
920 3634 1079 3705 unquam
1102 3611 1152 3685 sa·

87 3713 217 3787 cerdor
237 3717 298 3808 qui
324 3718 570 3792 involuntaria
588 3712 747 3808 quedam
769 3715 976 3790 remittendi
994 3708 1159 3805 potesta·⁴

84 3825 161 3889 tem
184 3813 296 3891 habet
312 3830 463 3919 aut‘pro
484 3813 620 3907 delitiis
641 3814 840 3913 offerendi,
860 3815 937 3915 jam
951 3814 1058 3889 etiam
1080 3828 1152 3906 pro

205 3922 212 3941 '
523 3914 669 4015 Mm4
742 3976 752 3997 .,
825 3974 830 3981 .
967 3910 1113 3989 aduixe-
