2498 4254
288 156 893 275 ‘oe'oar'rroue
1055 215 1127 290 555

62 377 211 433 omnem
235 358 273 431 in
301 369 397 433 terra
426 359 538 435 vitam
567 358 695 434 docuit
715 378 786 432 nos
812 358 884 455 Job
903 357 959 432 his
985 359 1127 435 verbis:

61 459 230 558 Numquid
259 483 325 529 otoo
358 466 499 533 tentatio
512 460 569 554 eii
598 464 672 531 vita
699 463 838 531 hominis
859 460 957 553 super
981 452 1128 531 terram.²

58 558 162 635 ldem
182 572 285 654 patet
303 581 348 634 ex
366 559 501 653 psalmo
524 559 668 634 decimo
689 557 864 653 septimo:
895 562 936 630 lo
956 574 987 630 te
1007 565 1127 654 eripiar

60 687 82 732 a
105 663 294 732 tentatione.
344 659 416 733 Sed
444 657 631 732 &Paulus
658 659 702 732 ad
729 655 944 733 Corinthios
966 656 1124 735 scribens

59 780 141 836 non
167 771 312 833 utnon
337 770 539 853 tentemur,
563 758 624 833 sed
647 771 781 833 utnon
806 758 908 853 supra
934 759 1030 832 vites
1047 770 1127 832 ton·
1174 802 1177 810 -

59 872 208 951 temer,
243 860 292 931 ait
320 859 437 957 largiri
469 858 614 953 Deum,
649 878 732 933 cum
766 858 838 931 ait:
886 853 1038 932 Teototio
1068 883 1126 930 vos

59 984 130 1029 mon
148 959 354 1056 apprehendit
375 961 437 1054 nifi
457 961 622 1032 humana:
645 960 757 1052 fidelis
778 975 884 1031 autem
901 963 991 1047 Deus
1009 958 1049 1056 ιβ
1069 963 1126 1056 qui

60 1084 128 1131 mon
156 1064 303 1156 potietur
326 1086 383 1132 vor
406 1064 531 1133 tentari
544 1062 644 1157 supro
669 1061 702 1130 iri
725 1060 803 1157 quod
817 1059 964 1155 potcflis,
993 1060 1048 1149 sed
1066 1058 1125 1151 fa·

59 1163 124 1230 ciet
144 1170 240 1231 etiam
262 1185 329 1231 curn
354 1165 533 1234 tentatione
547 1177 743 1253 proventum
762 1175 801 1231 ut
820 1155 943 1255 pffitis
959 1159 1125 1257 sustinere.

58 1257 148 1334 Sive
165 1262 261 1335 enim
276 1259 484 1335 collutlatio
501 1261 609 1353 nobis
625 1258 677 1334 est
693 1280 775 1334 cum
794 1279 923 1352 carne,
943 1279 1021 1351 qoae
1038 1279 1128 1334 con·

59 1358 212 1454 cupiscit
228 1360 260 1432 δι
275 1361 404 1434 militat
425 1358 592 1435 adversus
609 1358 788 1457 spiritum,
814 1358 889 1434 sive
906 1379 988 1433 cum
1009 1361 1127 1432 anima

59 1461 181 1533 omnis
209 1461 344 1554 carnis,
380 1462 631 1557 quoe-nomine
651 1462 800 1555 corpori
824 1457 923 1551 quod
948 1458 1128 1532 inhabitat

59 1558 311 1633 consentaneo
334 1573 491 1634 vocatur
519 1562 742 1656 principatus
766 1556 882 1652 qui&
904 1558 1034 1631 dicitur
1059 1576 1127 1631 cor

59 1653 196 1755 (qualis
221 1656 272 1732 est
288 1680 416 1737 eorum
434 1659 528 1736 luiba
545 1662 606 1753 qui
623 1659 889 1732 tentationibus
909 1671 1127 1731 exercentur

59 1755 248 1856 humanis>
281 1758 356 1833 five
383 1772 426 1833 ut
456 1756 748 1853 provectioribus
783 1755 816 1829 δι
850 1755 1127 1851 perfectioribus
1187 1796 1191 1801 ·

60 1857 227 1949 athletis,
255 1859 315 1950 qui
333 1879 412 1932 non
425 1859 499 1951 jam
518 1879 600 1933 cum
618 1878 726 1932 carne
744 1854 924 1931 luitentur
938 1856 972 1931 &
984 1855 1127 1953 sangui·

59 1955 217 2048 ne‚sed
245 1978 364 2048 neque
386 1957 550 2032 humanis
579 1958 831 2031 examinentur
861 1957 1128 2030 tentationibus

61 2075 149 2148 quas
162 2054 451 2150 conculcarunt,
473 2058 547 2151 jam
562 2058 712 2148 adversm
723 2061 885 2157 principes
901 2053 941 2132 it
952 2055 1127 2152 potestates,

58 2156 209 2247 adversus
229 2159 341 2227 munii
360 2157 492 2230 reiiores
508 2158 706 2230 tenebrarum
727 2159 860 2245 harum,
894 2153 934 2234 (5
945 2155 1129 2253 spiritualia

59 2261 208 2352 nequitia
228 2255 348 2331 nostra
366 2257 436 2332 smt
454 2258 668 2344 certamina,
693 2278 772 2332 non
786 2259 904 2332 sumus
923 2257 1130 2331 atentatio·

59 2357 363 2435 nibusimmunes.
402 2358 609 2456 Quomodo
626 2359 733 2455 igitur
742 2379 814 2437 nos
826 2354 1000 2431 Servator
1021 2374 1128 2431 orare

54 2458 174 2552 jubet,
197 2478 244 2533 ne
259 2463 434 2532 intremus
447 2460 485 2531 in
500 2461 758 2551 tentationem,
785 2478 865 2534 cum
880 2454 983 2531 Deus
996 2474 1127 2530 omnes

58 2570 182 2630 tentet
209 2557 513 2646 quodammodo?
542 2560 764 2655 Recordame‘oi
787 2558 905 2644 enim,
933 2559 983 2630 ait
999 2553 1126 2650 Judith

58 2675 138 2728 non
153 2656 196 2737 ad
213 2655 261 2728 sui
276 2662 417 2732 tantum
431 2660 608 2751 temporis
627 2660 885 2751 presbyteros,
911 2654 971 2730 sed
988 2654 1032 2731 ad
1050 2674 1128 2729 onr-

58 2774 126 2841 nes
140 2757 200 2846 qui
216 2756 346 2831 librum
362 2758 437 2851 ejus
450 2754 574 2830 leituri
588 2756 725 2851 essent,
752 2780 887 2856 quacum
911 2780 948 2827 ue
960 2754 1044 2847 feeit
1058 2778 1128 2825 cum

58 2854 251 2939 Auratam,
284 2852 323 2931 ii
347 2852 539 2955 quecumque
566 2861 714 2930 tentavit
744 2856 842 2954 Istaec,
934 2877 1127 2955 quacumque

58 2970 242 3026 euenerunt
262 2956 361 3053 Jacob
374 2961 413 3026 in
430 2954 657 3055 Mesopotamia
670 2960 774 3056 Syria
781 2959 927 3056 poscenti
937 2977 1045 3054 pecora
1059 2958 1128 3027 La·

59 3056 123 3149 bon
134 3053 261 3148 fratris
275 3061 388 3128 matris
400 3052 482 3152 fita:
509 3061 660 3157 quoniam
675 3057 910 3155 nonficut'iior
923 3057 1128 3129 examinavit

58 3160 96 3230 in
109 3170 265 3229 certarnen
278 3160 377 3228 cordis
393 3183 512 3247 eorum,
539 3162 636 3231 etiam
650 3185 708 3231 nos
722 3158 886 3253 ulciscitur
898 3165 958 3259 qui
971 3158 1012 3228 ad
1023 3179 1126 3229 eorem

58 3259 217 3329 dationem
220 3256 360 3355 flagellat
376 3263 534 3330 Dominus
545 3265 837 3359 appropinquantes
838 3258 912 3357 fiii.
961 3256 1004 3332 Id
1018 3257 1127 3331 enam

57 3359 98 3430 in
116 3356 322 3433 universum
344 3356 389 3432 de
413 3356 510 3457 justis
536 3361 705 3435 omnibus
730 3356 881 3435 affirmat
899 3356 1022 3433 David
1042 3374 1127 3430 curn

59 3458 133 3530 ait:
168 3459 295 3563 Multa
320 3456 543 3532 irritationes
561 3460 727 3561 iustorum.
794 3454 844 3531 Et
862 3456 1064 3554 Apostolus
1086 3454 1127 3531 in

60 3552 228 3630 Auitus:
260 3534 426 3655 Queiiam
448 3580 507 3661 per
531 3564 648 3633 multos
677 3560 898 3633 tribulationes
925 3574 1044 3656 oportet
1070 3578 1127 3626 nor

61 3660 244 3730 herrorem
268 3684 397 3755 regnum
424 3664 500 3734 Dei.
554 3661 667 3760 Quod
688 3661 713 3736 ll
739 3660 830 3733 nihil
852 3658 955 3753 supra
976 3659 1127 3753 vulgum

58 3755 300 3855 intelligamus
328 3759 373 3834 de
396 3761 588 3857 oratione,
621 3782 668 3836 ne
689 3762 865 3835 intremus
888 3760 926 3835 in
956 3755 1128 3832 tentatio·

63 3871 170 3953 nem,
198 3858 342 3935 dicendi
361 3873 468 3937 erunt
483 3858 655 3960 Apostoli
675 3882 760 3939 cum
775 3871 948 3955 orarent,
970 3850 1137 4021 ww

854 3998 868 4015 ·
1019 3971 1060 4024 u
