2498 4254
305 120 400 263 ua
450 144 917 263 oanrroNa
1055 184 1127 279 5⁶9

71 353 150 424 vita
179 351 383 425 removebo
413 349 501 424 nihil
517 350 679 443 amplior
703 350 926 443 cupientes,
964 354 1008 417 ut
1039 344 1139 425 ulcr.

74 446 192 546 egreffi
215 453 294 541 puri
314 448 486 523 sciliceta
505 450 675 543 cupidine
696 448 730 523 dr
754 466 933 524 memores
952 462 1018 540 per
1036 452 1130 535 quot

72 551 215 622 labores
241 552 284 622 ab
307 570 350 625 ea
366 550 506 623 liberati
527 548 621 641 ditia,
648 547 781 643 poiiitia
800 559 861 620 aut
882 547 921 619 in
939 564 1017 618 earn
1034 538 1129 636 post·
1221 632 1224 637 .

72 649 141 722 hac
159 669 236 720 non
252 648 440 741 incidere,
466 659 550 741 aut,
575 647 600 721 u
626 645 817 741 aliquando
834 646 871 718 id
890 642 1028 718 accidat
1047 636 1130 736 post

71 747 182 843 longa
201 761 406 840 temporum
426 748 625 840 itervalia,.
641 749 839 841 oblitique
858 755 1009 838 propter
1025 742 1126 835 cupi-

73 846 219 920 ditatem
246 846 327 920 estis
350 846 519 942 perpeffi,
555 845 581 931 sr
604 849 712 920 vobia
731 866 809 919 non
831 843 912 918 satir
935 841 1128 915 attendatis

72 965 144 1018 nec
159 944 350 1040 suscipiatis
368 948 519 1020 verbum
533 946 632 1039 quod
650 943 807 1040 perferre
823 946 867 1017 ab
881 943 981 1020 omui
996 942 1128 1014 morbo

72 1043 225 1138 liberat,
250 1049 287 1118 in
299 1048 390 1118 mala
409 1044 590 1121 incidatis:
615 1044 741 1140 postea
756 1064 847 1118 vero
868 1063 950 1115 curn
970 1037 1131 1113 voanas-

72 1145 180 1218 cendi
193 1144 326 1239 cupido
342 1144 537 1238 incesserit,
562 1147 674 1219 oretis
691 1144 884 1219 desiderata
896 1143 1025 1215 iterum
1042 1158 1133 1211 con·

71 1243 193 1338 sequi,
220 1265 334 1336 eaque
353 1243 469 1336 croi,
493 1244 541 1319 src
565 1243 681 1318 rur'sua
698 1243 742 1318 ad
759 1244 930 1322 meliora,
956 1237 1131 1313 celestes-

71 1364 144 1434 que
159 1346 261 1418 cibos
272 1363 473 1419 recurreret
499 1344 626 1437 quibus
641 1344 838 1420 contemtia
849 1342 1029 1414 deteriora
1040 1358 1134 1429 qua·

70 1445 216 1518 rebatis.
265 1441 400 1518 Eadem
415 1463 457 1516 ac
474 1445 527 1517 ilii
548 1444 731 1537 patientur
758 1444 818 1534 qui
828 1456 1051 1512 numadum
1066 1436 1146 1530 gio:
1237 1524 1241 1533 Ι

73 1549 155 1614 riam
173 1546 238 1615 Dei
255 1543 510 1640 incorruptibilis
529 1550 568 1618 in
581 1543 824 1638 fimilirudinem
841 1548 989 1636 imaginis
1008 1557 1134 1634 corrup·
1183 1584 1206 1617 κ,

70 1644 173 1714 ribilis
190 1646 329 1714 dominis
343 1640 382 1720 (7
399 1646 564 1716 volucrunt
578 1643 617 1720 θ
630 1645 862 1743 quadrupedum
876 1640 915 1719 (Ἰ
927 1642 1133 1736 serpentium,

71 1763 120 1815 eo
140 1743 237 1833 quod
256 1740 413 1817 deteriori
428 1743 549 1817 traditi
563 1740 632 1816 fint
648 1748 686 1814 in
700 1744 841 1835 defideria
857 1744 995 1819 cordiam
1003 1742 1135 1829 suarum

71 1845 111 1911 in
131 1845 381 1929 immunditiam,
407 1859 445 1913 ut
465 1846 641 1936 ignominia
662 1842 809 1935 afficiant
832 1863 956 1939 terpora
978 1839 1035 1936 ipfi
1053 1840 1132 1928 sua,

52 1941 134 2032 -qui
166 1943 313 2035 corpori
338 1942 454 2015 anima
472 1940 646 2032 sensuque
669 1943 808 2015 carenti
829 1944 1034 2015 tribuerunt
1058 1939 1135 2030 ejus
1194 1956 1197 1961 ·

71 2060 231 2115 nornen,
259 2042 319 2131 qui
339 2037 513 2113 sentitivir
532 2041 701 2115 omuibus
722 2040 1031 2129 irrationalibus,
1055 2057 1135 2111 non

70 2136 184 2230 ipsum
201 2138 314 2214 modo
335 2138 467 2213 sentire
491 2139 527 2213 dr
546 2159 629 2214 curn
647 2142 792 2215 ratione
809 2139 956 2224 sentire,
982 2138 1040 2211 sed
1059 2136 1135 2227 qui·
1169 2156 1174 2169 ·

70 2239 220 2312 busdam
235 2241 341 2314 etiam
359 2235 519 2334 perfetio
535 2237 569 2311 dr
584 2259 667 2314 curn
682 2242 819 2313 virtute
834 2240 965 2313 sentire
977 2239 1134 2332 largitur.

71 2339 130 2408 Ac
146 2340 227 2430 jure
250 2339 395 2429 quidem
417 2338 469 2411 illi
493 2340 537 2413 ab
563 2358 611 2411 eo
635 2358 742 2430 quem
760 2339 1031 2431 dereliquerunt
1048 2336 1135 2419 Deo

71 2436 219 2512 viciffim
232 2438 531 2528 derelinquuntur
546 2437 579 2510 dc
596 2438 785 2513 traduntur
798 2443 835 2509 in
844 2435 995 2535 passiones
1008 2438 1137 2531 igiturui-

70 2543 135 2609 niae
144 2557 243 2628 aequa
252 2537 560 2611 erroriamercede
572 2550 733 2632 recepta,
746 2558 821 2630 quo
831 2540 1060 2634 voluptatem
1072 2536 1136 2609 iru-

69 2636 240 2712 mundam
251 2638 466 2712 dilexerunt.
491 2635 624 2731 Justior
636 2639 731 2711 eninr
742 2639 793 2711 eir
803 2640 934 2711 erroris
942 2635 1136 2709 retributio

69 2731 128 2824 fu,
141 2754 221 2807 curn
229 2734 418 2807 traduntur
426 2740 463 2806 in
469 2732 622 2831 paffames
632 2740 821 2829 ignominia,
831 2736 1060 2829 quamirigne
1072 2730 1139 2825 spi·

70 2832 165 2908 ritali
185 2847 442 2928 purgarentur,
475 2833 569 2908 &in
595 2854 741 2908 carcere
769 2836 998 2931 exigerentur
1017 2833 1061 2909 ab
1084 2833 1137 2904 eia

71 2932 196 3007 omnia
206 2930 329 3005 debita
340 2932 383 3006 ad
399 2932 625 3007 novissimum
640 2933 752 3025 usque
764 2935 1009 3026 quadrantem.
1045 2928 1138 3013 Cum

72 3033 170 3104 enirn
188 3028 309 3103 traditi
325 3028 407 3105 sunt
424 3031 640 3126 pastionibus
655 3035 882 3128 ignominie,
908 3053 986 3107 non
999 3032 1041 3103 iis
1059 3048 1138 3105 mo-

71 3129 122 3203 do
142 3150 220 3220 quae
232 3142 368 3203 naturae
388 3130 641 3222 consentiunt,
669 3130 728 3206 sed
747 3133 937 3208 contrariis
958 3131 1066 3204 etiarn
1078 3151 1138 3205 na·
1188 3196 1190 3200 ,

72 3244 162 3302 turae
176 3230 355 3323 plurimis,
380 3233 614 3322 inquinantur
631 3230 784 3304 &carne
796 3228 1029 3305 incrassantur
1043 3228 1139 3320 quau

73 3333 227 3402 animam
248 3330 397 3422 amplius
417 3343 479 3402 aut
499 3341 659 3405 mentem
678 3342 766 3413 tunc
779 3350 857 3407 non
874 3331 1051 3420 habeant,
1077 3328 1139 3403 sed

75 3430 147 3500 toti
173 3448 298 3505 carnei
317 3427 411 3517 ssnt3
435 3430 474 3505 iu
497 3429 580 3523 igne
598 3449 691 3502 vero
716 3428 750 3501 u
771 3449 917 3507 carcere
936 3444 1015 3501 n'on
1036 3428 1140 3502 retri-

74 3528 267 3601 butionem
289 3530 420 3601 erroris
445 3529 653 3621 accipiunt,
686 3525 748 3601 sed
776 3524 1016 3619 beneficium,
1055 3547 1136 3599 curn

75 3625 283 3700 salutaribus
299 3622 464 3701 aerumnis
482 3639 680 3724 purgantur
701 3625 735 3703 dt
756 3629 801 3700 iis
823 3630 1021 3701 liberantur
1038 3628 1139 3698 malis

79 3744 156 3815 quae
172 3727 371 3820 voluptatis
388 3737 567 3801 amatores
582 3723 799 3817 sequuntur,
824 3724 986 3801 sordibus
1004 3723 1142 3797 scilicet

78 3823 112 3898 dr
136 3822 325 3923 sauguine,
352 3826 481 3920 quibua
496 3824 675 3919 inquinati
699 3824 735 3898 dr
757 3822 881 3921 insedi
906 3845 956 3901 ne
980 3826 1142 3917 cogitare

230 3978 238 3991 ,
452 3924 457 3951 ·“
615 3920 694 4014 Nn
720 3942 741 4035 ς
954 3920 1115 4014 auiam
