2498 4254
130 124 180 219 43
339 168 342 173 .
429 107 875 189 ona-ennae·

130 280 205 371 les,
231 274 314 351 &in
335 275 456 355 omnia
471 274 619 350 omnino
635 296 712 369 quae
728 274 820 352 sunt.
866 268 1033 351 Ostendit
1047 272 1209 353 sane-te·-

131 378 314 471 apostolus
344 376 472 451 Paulus
504 374 603 469 quod
633 396 756 450 omnes
780 374 935 450 habeant
958 368 1193 471 participium

133 474 279 569 Christi,
305 476 446 551 dicens:
472 480 526 551 Ne
541 478 659 547 dixeris
685 481 723 546 in
740 478 825 547 corde
847 494 927 549 tuo:
950 482 1023 574 quis
1039 478 1201 566 ascendet·

131 574 321 649 inceium?
353 578 386 647 id
407 576 448 673 esi
474 576 630 673 Christum
654 577 775 647 dicere:
805 591 864 647 eut
883 578 953 673 quis
971 577 1126 669 descendet
1144 578 1186 647 in

95 749 98 755 ,
131 672 289 771 abyffiemi
316 677 398 775 idest
415 676 752 774 Chrtflumomortuis
767 700 909 747 revocare
971 678 1033 747 Sed
1049 676 1186 773 quideli-

130 785 175 847 cit
185 771 370 871 scriptura?
396 781 491 873 Prope
505 774 680 869 esleerbum
691 783 729 847 in
742 798 793 849 ore
807 793 882 862 tue,
909 772 948 851 (Ἰ
961 779 999 845 in
1015 778 1102 847 corde
1115 790 1191 871 ten,

129 872 189 949 Ex
207 896 279 969 quo
295 876 335 947 in
350 876 461 949 corde
481 878 641 950 omnium
658 870 827 973 fignificat
851 872 919 947 elle
938 873 1116 949 Christum
1133 872 1191 949 se·-

132 976 288 1049 cundnm
308 974 345 1046 id
362 975 459 1067 quod
471 978 622 1049 verbum
634 978 695 1049 vel
710 976 803 1049 ratio
823 973 896 1068 est,
923 975 1022 1067 cnjus
1040 974 1191 1071 pattici·¹

129 1074 278 1169 petione
291 1076 520 1149 rationabiles
534 1072 623 1151 sunt.
675 1074 745 1148 Sed
762 1074 894 1148 &illud
906 1074 1006 1167 quod
1020 1074 1060 1169 in
1072 1094 1200 1147 evann.

130 1176 227 1272 gelio
243 1158 373 1265 ditium
391 1174 460 1270 est,
488 1175 564 1271 Niss
582 1172 756 1268 veniffim,
784 1174 822 1251 tt
838 1176 957 1246 locutus
966 1172 1095 1267 furffem
1116 1165 1191 1268 cisi

73 1312 80 1323 ··
124 1292 285 1445 {jocatum
305 1300 371 1345 non
389 1276 562 1366 haberent,
585 1300 673 1347 nunc
687 1292 792 1347 eutem
806 1275 1032 1364 excuscetionem
1044 1296 1112 1345 non
1125 1274 1189 1356 ime

79 1424 81 1429 -
163 1390 203 1444 nt
217 1394 272 1468 pro
287 1392 406 1469 peccato
415 1377 498 1465 suo.-
531 1374 585 1449 his
607 1376 666 1467 qui
685 1376 862 1448 rationem
878 1386 1043 1467 norunt,
1067 1382 1190 1465 usque

130 1472 176 1546 ad
194 1472 447 1569 quod.tempus
468 1486 659 1568 peccatum
677 1475 789 1548 homo
809 1495 886 1546 non
905 1474 1059 1565 habeat,
1087 1470 1182 1545 &ex

130 1593 200 1665 qua
211 1587 315 1653 etate
331 1575 511 1647 obnoxius
524 1587 677 1667 peccato
690 1574 752 1667 fit,
778 1572 999 1647 manifestum
1010 1570 1062 1645 est
1076 1570 1190 1667 &pa-⁴

127 1686 184 1746 tet
204 1672 390 1765 quomodo
408 1696 454 1747 ex
468 1674 743 1768 participatione
759 1673 864 1745 verbi
880 1672 941 1745 vel
954 1671 1105 1745 rationis
1118 1666 1206 1759 lto·‚.¹

127 1773 242 1859 mines
264 1787 453 1866 peccatum
476 1774 608 1847 habere
634 1772 822 1846 dicuntur:
847 1772 1020 1845 videlicet
1043 1792 1091 1843 ex
1109 1790 1192 1862 quo-

128 1871 328 1951 intenenos
358 1885 464 1965 atque
484 1871 636 1946 scientiae
659 1869 972 1968 capaces'effeili,
1007 1892 1090 1947 cum
1110 1871 1189 1963 jam,

87 1988 90 2003 ·
128 1975 181 2047 eis
198 1974 292 2046 -boni
316 1975 378 2067 nel
403 1973 486 2047 mali
505 1970 754 2047 discretionem
777 1972 871 2053 ratio
900 1970 1110 2043 intrinsecus
1133 1971 1191 2063 inf,

128 2072 221 2149 serta
242 2071 466 2168 suggellerit:
499 2072 533 2145 δι
553 2094 634 2145 cum
655 2069 742 2144 scire
754 2071 827 2162 jam
846 2073 1018 2163 coepetint
1036 2069 1120 2160 quid
1140 2068 1192 2163 nt,

128 2176 279 2263 malum,
305 2172 330 2243 sa
348 2170 485 2243 faciunt
503 2170 611 2263 illud,
634 2182 786 2263 peccato
800 2168 1001 2243 efficiuntur
1012 2168 1196 2262 obnoniits¹

130 2270 261 2361 &hoc
290 2268 461 2361 estquod
486 2269 598 2362 dicit,
633 2269 714 2361 quia
740 2268 1004 2353 excusationem
1027 2289 1107 2341 non
1123 2268 1192 2359 ha·.,

128 2371 218 2444 bent
241 2369 405 2442 homines
426 2391 494 2461 pro
514 2383 667 2461 peccato
687 2366 773 2462 suo,
803 2390 849 2441 ex
869 2390 941 2460 quo
965 2368 1015 2439 eis
1039 2366 1182 2441 divinus

127 2470 244 2568 sermo
266 2469 327 2540 vel
355 2469 449 2541 ratio
474 2468 661 2542 ostendere
685 2468 834 2561 coeperit
855 2470 893 2541 in
916 2467 1026 2539 corde
1057 2464 1184 2541 discre-

127 2571 267 2643 tionem
287 2568 377 2641 boni
406 2567 439 2640 δι
461 2568 543 2641 mali
560 2570 640 2661 ‚nt
665 2586 730 2661 per
752 2568 844 2640 hanc
867 2567 1022 2640 debeant
1042 2564 1194 2661 refulge·

126 2690 168 2743 re
198 2668 233 2741 ἀ
264 2682 394 2740 cavere
420 2667 519 2760 quod
548 2669 679 2741 malum
698 2664 773 2740 est:
809 2668 891 2759 quia
918 2667 1036 2755 scienti
1067 2666 1194 2738 bonnm·

127 2770 168 2847 (5
183 2793 251 2839 non
269 2768 437 2861 facienti,
467 2783 628 2864 peccatum
651 2767 691 2863 ιβ
715 2768 774 2837 idi.
822 2767 915 2839 Item
939 2764 1038 2858 quod
1055 2769 1195 2839 omnes*

126 2869 292 2948 homines
314 2888 392 2941 non
419 2865 499 2940 sunt
528 2878 629 2941 extra
655 2866 944 2941 communionem
966 2865 1065 2953 Dei,
1107 2860 1196 2939 hoc'⁴

126 2969 240 3047 modo
273 2967 497 3064 evangelium
522 2966 663 3062 docet,
695 2965 840 3039 dicente
871 2962 1084 3038 Salvatore:
1120 2968 1195 3038 lte-²

122 3097 222 3167 gnum
250 3076 313 3143 Dei
336 3092 403 3138 cum
430 3068 643 3159 observatione
669 3091 735 3137 non
754 3068 878 3138 venit:
930 3088 1028 3162 neque
1056 3064 1183 3155 dicent,

125 3197 190 3243 ecce
208 3173 287 3257 bic,
310 3184 371 3241 eut
385 3168 427 3238 iii
437 3196 447 3239 .·
466 3168 522 3259 sed
544 3190 672 3262 regnum
697 3170 758 3237 Dei
772 3170 863 3237 intre
883 3188 941 3235 vos
958 3165 1008 3261 efl.
1060 3162 1131 3238 Sed
1147 3164 1193 3261 διΙ

125 3268 214 3345 illud
230 3269 426 3343 videndum
448 3267 500 3341 est
520 3289 569 3342 ne
589 3265 686 3342 forte
706 3265 801 3339 idem
826 3263 999 3362 fignificet
1020 3264 1119 3355 quod
1143 3264 1195 3358 in,¹

126 3366 257 3459 Qenefi
276 3368 446 3460 scriptum
464 3366 537 3461 est,
560 3388 642 3441 cum
658 3368 720 3439 ait:
751 3367 798 3439 Et
816 3362 1003 3457 insufflavit
1017 3370 1056 3434 in
1064 3362 1197 3458 Ῑαιὶιηι,

125 3476 193 3568 ejus
215 3468 453 3566 inspirationem
474 3471 579 3556 vite,
612 3466 653 3542 (5
666 3464 778 3558 soiius
797 3466 838 3561 eli
866 3468 954 3537 hemo
978 3470 1015 3534 in
1040 3470 1195 3553 animam,

125 3575 250 3643 vivam.
301 3568 412 3668 Quod
428 3567 676 3665 figenetaliter
690 3565 728 3639 in
744 3587 868 3639 omnes
881 3564 1045 3653 hominee
1060 3562 1197 3659 datum

126 3669 197 3744 elle
216 3668 447 3766 intelligitur,
473 3687 598 3745 omnes
622 3666 785 3743 homines
804 3665 939 3741 habent
955 3664 1197 3765 participium,

124 3768 209 3871 Dei.

886 3958 911 3970 ,.
1048 3858 1134 3970 ἶ·3ὶ
