2498 4254
257 189 334 267 nn
369 154 964 286 .nn1ncn11s,.t1n1n
1047 172 1141 289 με

87 362 170 427 tota
189 352 248 428 die
259 355 388 448 jaceat.
438 353 556 430 Sed&
573 354 672 445 quod
689 356 760 427 nit:
786 360 867 430 Nm
881 353 991 431 leuare
1009 380 1089 428 onus
1106 359 1143 429 in

85 455 136 524 de
151 455 286 541 dibon,
312 456 521 551 impoiiibile
536 455 789 533 inihividetur.
841 450 897 527 Ex
912 457 966 530 his
984 457 1079 537 enim
1097 456 1141 533 nd

85 552 225 627 fabulas
243 553 423 642 infinitas,
448 555 537 629 sicut
560 553 695 630 santius
714 553 912 648 Apostolus
937 555 1055 647 dicit,
1080 554 1145 653 Ju-

87 653 247 726 daeorum
265 655 431 729 dotiores
453 655 618 729 devoluti
638 654 741 748 sunt,
762 655 930 729 ‘dicentes
944 674 1023 729 non
1036 674 1144 749 repu-

87 754 157 825 tari
187 773 280 826 onus
314 753 339 829 s1
374 756 615 829 calceamenta
654 758 732 847 quie
757 754 888 830 hebeat
911 750 985 829 fine
1011 754 1145 849 clavis,

88 872 184 925 onus
208 874 297 926 vero
316 853 425 927 eiiefi
448 856 615 950 caligulas
641 856 718 946 quis
740 871 821 928 cum
838 854 949 927 clavis
966 855 1142 932 hebuerit.

87 948 140 1022 Et
160 951 185 1025 s1
205 954 346 1044 quidem
363 953 464 1047 supra
480 973 592 1026 unum
616 953 801 1027 humerum
822 954 954 1045 aliquid
974 968 1144 1045 portaue-

87 1052 149 1222 riitf
176 1072 268 1124 onus
276 1052 458 1143 judicant:
482 1053 609 1127 ἤνετο
620 1049 722 1148 supra
732 1065 936 1147 utrumque,
961 1054 1147 1150 negabunt

89 1171 112 1224 e
141 1171 161 1224 e
195 1172 300 1226 onus.

170 1259 224 1330 18.
248 1252 325 1346 Jam
341 1272 433 1324 vero
447 1249 471 1326 fi
487 1252 593 1327 etiem
607 1251 653 1324 de
668 1246 878 1347 Evangeliie
893 1249 1012 1326 snniiie
1029 1252 1145 1343 requi·

88 1370 231 1439 ramus,
259 1352 446 1441 quomodo
464 1371 542 1424 non
554 1351 736 1424 videbitur
750 1348 954 1437 absurdum,
980 1351 1006 1424 fi
1024 1350 1145 1427 secun·

90 1451 178 1525 dum
201 1451 339 1522 literam
360 1449 530 1522 sentiatur
553 1450 652 1542 quod
668 1449 815 1522 dicitur:
843 1453 1011 1521 Neminem
1033 1456 1069 1519 in
1087 1454 1145 1523 via

85 1545 338 1641 salutaveritis?
370 1549 455 1621 Hoc
479 1551 574 1623 enim
600 1560 729 1643 putant
753 1549 986 1642 snnpiiciores
1013 1551 1146 1641 quique

89 1648 317 1723 Salvatorem
330 1646 488 1720 nostrum
503 1646 690 1743 Apostoiis
705 1647 919 1742 praecepiiie.
971 1648 1042 1721 Sed
1057 1648 1091 1721 dc
1106 1650 1147 1725 ii·

90 1750 154 1823 lud
169 1747 355 1840 quomodo
365 1747 524 1838 poffibiie
540 1747 721 1821 videbitur
736 1746 930 1839 observari,
947 1750 984 1820 in
996 1749 1049 1820 his
1060 1768 1146 1837 pre-

92 1852 201 1940 cipue
216 1848 308 1919 locis
324 1847 386 1917 ubi
402 1850 570 1921 acerrima
588 1847 713 1938 hyems
729 1846 902 1940 gelicidiis
916 1845 968 1919 est
983 1846 1014 1917 dt
1027 1844 1148 1940 aspere

94 1947 252 2042 pruinis,
277 1959 319 2016 nt
336 1965 455 2035 neque
471 1945 555 2018 duee
578 1947 738 2034 tunicas,
764 1964 884 2036 neque
906 1947 1150 2019 calceamenta

94 2047 176 2135 quis
197 2044 329 2118 habere
350 2044 511 2117 debenti
542 2042 613 2118 Sed
634 2043 666 2114 dt
687 2043 774 2116 illud
794 2043 892 2135 quod
908 2046 946 2117 in
965 2046 1147 2119 dexteram

93 2145 174 2236 quis
187 2145 363 2216 maxillam
373 2142 558 2236 percuss'us
573 2143 732 2234 prebere
747 2145 854 2219 etiem
867 2142 1035 2217 sinistram
1044 2144 1147 2235 jube·

91 2258 175 2334 tur,
201 2263 283 2315 cum
303 2245 421 2315 omnis
436 2246 495 2333 qui
512 2243 670 2337 percutit
684 2244 808 2315 dextre
824 2263 953 2333 manu,
979 2238 1148 2320 nnistran

91 2343 275 2438 percutiat
286 2340 487 2416 maxillam?
512 2340 630 2418 Sed&
646 2341 733 2414 iilud
749 2341 795 2414 de
810 2340 1076 2435 impoiiibilibus
1088 2342 1149 2417 ha·

92 2442 254 2517 bendum
279 2436 331 2512 est
356 2442 454 2531 qnod
478 2444 517 2515 in
540 2439 741 2537 Evangelio
767 2439 937 2534 scriptum
962 2440 1035 2527 estJ
1054 2455 1098 2513 nt
1122 2441 1149 2515 fi
1176 2444 1178 2451 “

93 2542 224 2618 oculus
236 2538 362 2612 dexter
371 2538 663 2615 scandalizaverit
677 2537 734 2632 te,
759 2552 922 2614 eruatur:
947 2541 1150 2633 qniaetinn

92 2642 124 2719 fi
146 2658 323 2735 ponamus
344 2640 443 2730 quod
467 2641 513 2714 de
537 2643 652 2713 oculis
689 2640 889 2714 carnalibus
922 2637 1050 2714 ditium
1077 2638 1150 2733 eii,

94 2735 284 2833 quomodo
318 2737 543 2834 consequens
578 2739 761 2812 videbitur
781 2752 823 2813 ut
848 2740 961 2813 ocuio
992 2751 1150 2829 utroque

95 2850 296 2929 cernente,
329 2837 373 2909 ed
394 2860 504 2912 unum
525 2833 678 2910 scandali
699 2838 828 2931 culpa,
854 2837 890 2911 dt
907 2836 980 2911 hoc
997 2836 1041 2909 ad
1064 2836 1151 2911 dex·

93 2951 191 3017 num
206 2934 407 3011 reicietur?
431 2939 510 3013 Aut
524 2938 603 3030 quie
620 2948 720 3012 extra
735 2938 927 3013 maximum
940 2934 1075 3013 crimen
1091 2937 1152 3019 hu·

999 3035 1100 3113 bebi·
1185 3072 1187 3077 v
1243 3078 1246 3093 ι

318 3195 744 3276 Innnnnnnnnnno
780 3214 928 3274 nove.

94 3351 375 3415 naturamancus
387 3337 507 3434 fuerit,
527 3339 674 3414 dextera
683 3355 790 3412 manu
798 3334 964 3413 sinistram
974 3336 1152 3417 maxillam

95 3436 213 3515 feriat.
263 3433 393 3532 Neque
403 3437 521 3532 potest
536 3453 581 3513 ex
596 3437 798 3533 Evangelio
813 3438 948 3533 percipi
962 3434 1033 3531 quo
1046 3438 1151 3532 patio

98 3542 224 3611 dexter
245 3538 372 3612 oculus
401 3536 591 3612 offensioni
612 3539 666 3611 sit.
716 3531 771 3608 Ut
792 3536 887 3609 enim
912 3536 1152 3611 concedamus

97 3638 197 3731 poiie
225 3641 422 3732 qnempiam
448 3634 606 3711 videndo
632 3632 857 3709 scandalizari
883 3651 946 3708 eur
972 3652 1053 3709 cun
1078 3636 1153 3709 duo

99 3740 197 3810 ocuii
215 3738 381 3827 videant,
410 3738 540 3812 crimen
553 3740 589 3811 in
602 3737 765 3810 dextrum
782 3732 1064 3809 nansferenduin
1077 3730 1155 3808 esti

97 3837 189 3940 Quis
207 3839 313 3911 etiam
327 3836 462 3916 sibimet
469 3835 532 3934 ipfi
544 3835 699 3914 infensus
717 3836 816 3928 quud
827 3832 960 3909 viderit
972 3834 1157 3910 mulierem

632 3930 712 4028 Zs
1079 3931 1133 4025 u
