2498 4254
206 102 315 197 ‘nn
364 110 700 210 PRINCIPIIS,
748 110 853 190 nm
878 110 943 191 111.
1053 137 1122 223 175

68 276 656 375 ntitas&constontiaperseveret.
706 273 1126 369 Deniquesieruditiori.

68 386 134 459 bus
146 384 345 477 quibusque
360 380 470 474 viris,
497 379 577 451 &in
584 376 714 453 divinis
724 374 1002 451 institutionibus
1010 379 1125 453 robo-

68 484 150 557 ratis
163 478 412 575 hujuscemodi
428 480 648 551 irritamenta
660 476 920 571 provenerint,
945 498 1123 555 memores

70 584 248 657 continuo
270 578 322 655 sui
344 597 481 671 eaquae
506 576 636 651 dudum
655 574 815 651 meditati
836 574 916 649 sunt
939 576 974 651 &
997 580 1124 671 quibus

71 682 200 757 eruditi
219 679 320 773 sunt,
345 680 382 752 in
398 677 605 752 memoriam
623 689 869 769 revocantes,
892 672 1124 759 &sandinris

72 780 104 857 se
116 780 288 854 domine
299 778 516 851 adminiculis
533 775 755 869 munientes,
781 774 952 868 respuunt
966 777 1125 853 acrefel·
1157 802 1163 810 ²

72 874 1026 967 luntornnemincitamentiillecebram,atqueadversas
1037 898 1124 951 con·

78 978 303 1075 cupiscentias
317 978 425 1051 insitae
438 976 664 1069 irbirationis
682 973 886 1067 objediione
903 976 1099 1070 depellunt.

141 1099 176 1167 5.
204 1077 296 1151 Cum
304 1076 474 1175 ergohaec
486 1075 537 1149 ita
547 1073 615 1147 effe
627 1075 844 1169 naturalibus
855 1076 1123 1167 quodammodo

78 1178 281 1253 testimoniis
299 1177 603 1270 comprobentur,
627 1174 813 1266 quomodo
824 1196 901 1249 non
910 1172 1125 1269 superfluum

80 1276 122 1351 est
134 1277 315 1373 gestorum
331 1276 535 1349 nostrorum
550 1272 667 1345 causas
684 1274 727 1345 ad
752 1296 794 1347 ea
810 1296 888 1365 quae
906 1273 1139 1369 extrinsecus

80 1374 254 1469 incidunt,
280 1375 513 1467 retorqueri,
545 1372 579 1445 δι
602 1372 750 1445 anobis
776 1375 915 1466 culpam
934 1375 973 1446 in
995 1375 1124 1467 quibus

82 1476 186 1550 omnis
204 1474 304 1546 causa
320 1474 388 1567 est,
413 1472 616 1565 removeri,
642 1474 716 1544 hoc
729 1470 779 1543 est
791 1472 909 1546 dicere
920 1475 1043 1547 ssmiles
1053 1495 1126 1549 nos

83 1574 140 1649 elle
154 1576 258 1670 lignis
275 1575 336 1647 vel
346 1572 522 1667 lapidibus
533 1593 610 1664 quae
617 1573 712 1644 intra
719 1569 755 1643 se
769 1573 912 1663 quidem
921 1576 1057 1649 nullum
1064 1578 1126 1650 ha·

82 1672 329 1766 bentmotum,
356 1672 473 1745 causas
488 1687 605 1745 autem
619 1684 740 1745 motus
760 1670 809 1743 sui
830 1671 1047 1749 extrinsecus
1064 1697 1126 1768 pa·

84 1773 237 1847 duntur?
264 1771 376 1873 Quod
391 1773 514 1863 utique
524 1792 592 1843 nec
608 1790 696 1843 vere
708 1768 850 1865 dicitur,
860 1794 929 1844 nec
939 1773 1125 1869 decenter,

84 1870 133 1947 sed
144 1875 187 1948 ad
207 1874 282 1947 hoc
302 1867 416 1947 solum
430 1867 574 1967 fingitur
592 1882 635 1941 ut
650 1869 795 1941 libertas
820 1872 956 1947 arbitrii
973 1872 1126 1969 denege-

86 1984 154 2047 tur:
175 1973 239 2049 nili
255 1986 421 2066 putemus
448 1969 665 2058 itademum
684 1964 784 2061 polle
807 1968 969 2045 constare
990 1973 1129 2049 arbitrii

87 2070 292 2163 libertatem,
319 2072 344 2143 fi
363 2068 452 2142 nihil
472 2068 514 2142 sit
532 2068 630 2159 quod
643 2088 711 2140 nos
728 2065 947 2142 extrinsecus
965 2070 1128 2146 incidens

88 2162 226 2246 rd'bona
245 2185 429 2265 provocet
449 2184 509 2240 aut
525 2168 567 2239 ad
583 2168 683 2242 mala.
710 2166 746 2239 Si
760 2190 852 2240 vero
867 2170 945 2260 quis
965 2171 1008 2244 ad
1024 2187 1128 2245 natu·

87 2272 180 2347 rilem
198 2272 362 2364 corporis
382 2270 630 2360 intemperiem
646 2269 830 2359 culparum
849 2269 962 2343 refert
985 2270 1126 2369 causas,

88 2386 199 2447 contra
217 2371 396 2443 rationem
414 2368 451 2441 id
471 2367 540 2441 elie
560 2370 674 2441 totius
688 2367 898 2443 eruditionis
917 2369 1126 2450 ostenditur.

90 2471 275 2571 Quomodo
288 2471 381 2545 enim
395 2467 557 2541 videmus
570 2468 607 2540 in
623 2469 907 2561 quamplurimis,
934 2491 1014 2547 cum
1028 2475 1128 2567 prius

88 2566 340 2645 incontinenter
363 2569 670 2661 intemperateque
694 2566 884 2661 vidisent,
917 2589 959 2643 ac
980 2570 1131 2646 luxurie

87 2668 215 2745 iuiisent
233 2668 459 2759 libidinisque
475 2667 629 2761 captivi,
655 2666 794 2740 fiforte
816 2669 933 2741 verbo
957 2668 1128 2747 dodrinae

88 2780 178 2863 atque
193 2766 404 2845 eruditionis
420 2768 457 2839 in
468 2768 595 2863 ¹melius
609 2769 804 2861 provocati
814 2765 906 2861 sunt,
923 2760 1058 2845 ta'ntam
1068 2792 1129 2844 ex·

86 2864 189 2945 litiiie
208 2868 557 2962 commutationem,
583 2882 625 2940 ut
640 2888 686 2941 ex
704 2868 892 2941 luxuriolis
911 2867 945 2940 δι
963 2870 1127 3041 tsurpibus

985 2968 1082 3045 obrii

294 3124 916 3215 iurenenrrnr'rorro'vr..
1026 3108 1032 3121 ⁷

87 3273 201 3367 quippe
216 3293 295 3363 quae
308 3269 556 3344 vehementius
572 3267 622 3342 est
635 3271 857 3344 roborata&
876 3272 913 3343 in
927 3266 1130 3344 meditatio·

84 3390 121 3447 ne
133 3375 284 3447 educata
297 3387 404 3463 atque
418 3372 455 3443 in
469 3371 614 3442 virtutis
628 3368 745 3443 studio
760 3370 928 3444 dodbinis
942 3369 1129 3445 confirma·

84 3487 188 3551 traut
211 3473 378 3565 proxime
404 3470 542 3545 adeam
565 3468 734 3561 perdudla
757 3468 987 3567 firmitatem,
1011 3472 1130 3546 issece

83 3574 150 3649 bris
174 3573 316 3649 excutit
335 3570 566 3645 &libidinem
583 3568 752 3646 diiiolvit.
1115 3624 1120 3631 .

142 3698 177 3765 5.
206 3678 299 3771 Quae
318 3692 397 3741 cum
418 3670 469 3741 ite
491 3670 595 3741 nobis
614 3673 804 3764 eveniant,
831 3667 1048 3743 extrinsecus
1068 3690 1130 3741 eo.-

79 3794 149 3859 tum
164 3771 305 3853 causam
317 3772 498 3867 derivare,
514 3789 653 3865 nosque
668 3770 954 3868 culpaliberare,
973 3792 1015 3845 ac
1025 3768 1131 3866 lignis
