2498 4254
219 104 329 198 'nn
377 117 755 239 iiiiiuciiiis,¹
782 108 903 203 tin.
928 116 995 200 iv.
1084 138 1178 241 ru,

91 278 148 373 bis
171 284 349 378 patefacta
366 282 475 361 suerit
498 280 689 361 secundum
713 281 978 365 revelationem
997 279 1157 378 mysterii

92 385 434 478 quiid-temporibus
458 389 599 461 eternis
618 381 866 475 absconditum
884 383 955 474 est,
980 402 1078 459 nune
1095 400 1155 457 au·

89 493 165 557 tem
181 482 402 559 manifestum
414 485 465 559 est
475 503 540 579 per
549 484 738 580 scriptiuas
753 481 1006 581 propheticas,
1034 482 1169 575 &sis

88 587 230 754 putoris
249 582 362 657 nostri
383 582 466 681 Jesu
487 584 641 685 Cbristir
673 584 736 659 'cui
754 579 806 658 est
824 585 940 681 gloria
963 585 1002 659 in
1021 598 1156 659 aterne

103 687 223 758 aecula.
275 684 406 761 Amen.
494 752 497 759 .

89 832 185 927 ,Quod
210 836 308 905 multi
328 833 527 930 spiritaliter
552 854 618 906 mn
644 831 853 929 intelligentes
867 827 1074 930 strimarii,
1111 829 1154 913 U

241 936 321 1004 male
337 936 563 1029 inteligimes,
592 941 629 1005 in
646 932 771 1030 hareses
787 935 1003 1005 declinarunt.

167 1086 200 1162 8.
227 1077 293 1157 ilis
314 1080 423 1179 igitur
442 1079 605 1157 breviter
626 1078 796 1181 aliignatis
823 1077 867 1155 de
894 1076 1060 1174 eoquod
1086 1097 1157 1176 per:

89 1176 261 1276 Spiritum
277 1178 430 1257 sanlluni
446 1181 624 1279 scriptura
640 1180 770 1264 divina
783 1182 957 1275 inspirate
966 1180 1068 1274 sunt,
1089 1200 1168 1256 ne·-

90 1279 273 1355 cesiarium
296 1284 440 1355 videtur
464 1285 569 1356 etiam
594 1282 681 1355 illud
706 1281 909 1377 explicare,
943 1299 1016 1372 quo
1042 1281 1150 1375 pello

88 1400 165 1454 non
184 1380 280 1453 reite
298 1383 437 1472 quidam
453 1382 614 1478 legentes
635 1382 818 1455 erroribus
834 1381 868 1454 se
886 1380 1151 1475 quamplurimis

88 1476 340 1574 tradiderunt,
366 1498 434 1574 pro
452 1503 500 1555 eo
526 1482 622 1573 quod
644 1500 714 1574 qua
732 1480 793 1554 via
814 1479 857 1555 ad
878 1479 1153 1578 intelligentiam

88 1574 288 1653 divinarum
315 1579 496 1655 literarum
522 1577 633 1655 debet
661 1580 800 1674 incedi,
834 1598 855 1652 a
885 1579 1150 1672 quamplurimis

86 1677 285 1774 ignoretur.
348 1680 517 1772 Denique
533 1678 645 1774 Judaei
658 1700 723 1773 per
748 1674 912 1753 diuitiam
935 1676 1054 1752 cordis
1076 1674 1149 1772 sui,
1231 1756 1235 1777 ,

89 1778 125 1851 &
149 1774 230 1851 dum
253 1776 469 1873 sibimetipsis
492 1781 627 1852 vortant
649 1776 764 1853 videri
792 1777 987 1871 sapientes,
1019 1774 1151 1851 Donii·

87 1896 142 1950 no
158 1878 193 1949 δι
216 1873 396 1952 Salvatori
418 1874 543 1954 nostro
565 1896 643 1951 non
667 1874 916 1969 crediderunt,
944 1888 1080 1968 eaquae
1103 1875 1151 1952 de

87 1974 169 2069 ipso
194 1979 333 2069 prolata
357 1973 437 2051 sunt
461 1974 652 2051 secundum
674 1978 811 2049 literam
840 1973 972 2049 debere
998 1973 1149 2073 intelligi
1175 1978 1180 2057 j

88 2072 349 2168 existimantes,
374 2074 410 2150 id
428 2076 478 2151 est
494 2075 591 2168 quod
607 2071 812 2150 sensibiliter
829 2094 872 2149 ac
889 2074 1073 2149 visibiliter
1089 2076 1149 2148 de·
1239 2073 1242 2080 “

86 2172 210 2265 buerit
231 2174 424 2270 predicare
445 2174 597 2270 captivis
619 2174 854 2251 remillioneni
868 2225 899 2269 ,,
914 2175 948 2249 &
966 2172 1064 2268 quod
1088 2172 1150 2247 de·
1168 2190 1178 2263 j
1209 2162 1216 2191 ¹

87 2270 208 2347 buerit
223 2273 320 2370 prius
331 2269 503 2359 adificare
517 2273 702 2348 civitatem
716 2294 819 2367 quam
836 2294 927 2351 ,veie
940 2286 1068 2368 putant
1078 2268 1149 2348 elle

90 2374 275 2446 civitatem
292 2374 383 2464 Dei,
408 2376 506 2449 simul
525 2378 558 2448 u
575 2377 811 2448 exterminare
826 2390 950 2447 currus
968 2370 1147 2467 Ephrem,

90 2476 125 2547 &
144 2491 274 2566 equum
287 2474 337 2563 ⁴de
355 2474 569 2571 Jerusalem3
606 2470 716 2547 sed&
731 2471 950 2566 butyrum&
965 2474 1035 2645 mdes
1051 2491 1148 2546 man·
1215 2478 1228 2499 '

1014 2590 1096 2645 tica·

308 2727 734 2809 luri-:aiiinrirro
767 2749 914 2808 novi.

87 2889 166 2947 non
209 2887 399 2948 cernerent
440 2870 552 2948 isum
593 2866 792 2968 praedicasse
841 2869 993 2967 captivis
1030 2864 1147 2947 remis·

86 2968 247 3068 sionem,
277 2994 395 3065 ireque
419 2898 599 3051 aeciilicalle
632 2993 734 3067 quam
766 2990 855 3046 vere
888 2972 1040 3045 credunt
1075 2966 1146 3046 esse

88 3068 273 3147 civitatem
292 3074 387 3167 Dei,
413 3094 532 3167 neque
554 3065 799 3147 exterminasse
826 3088 948 3163 currus
974 3064 1145 3165 Ephraim

88 3170 269 3264 &equum
286 3172 330 3245 de
353 3170 566 3269 Jerusalem,
592 3192 709 3265 neque
731 3171 901 3265 butyrum
925 3169 958 3243 bt
983 3172 1054 3245 mel
1080 3187 1145 3243 co·

86 3268 254 3366 neusse,
286 3290 405 3364 neque
429 3274 633 3371 priusquam
657 3266 775 3346 nosset
806 3283 867 3343 aut
896 3269 1043 3366 eligeret
1070 3275 1143 3345 nia·
1174 3348 1178 3357 ,

86 3371 141 3467 la,
169 3368 308 3467 elegisse
333 3373 497 3462 honuni
524 3369 591 3445 rati
623 3366 762 3466 insuper
793 3367 862 3444 esse
887 3368 1143 3463 prophetatum
1176 3452 1180 3459 ,

85 3470 169 3548 sore
181 3486 225 3549 ut
240 3472 344 3566 lupus
360 3470 487 3547 animal
501 3469 698 3568 quadrupes
716 3489 796 3547 cum
812 3488 904 3566 agno
918 3464 1141 3565 pasceretur,

84 3570 217 3669 pardus
237 3590 317 3647 cum
340 3570 446 3645 lioedo
469 3568 726 3662 stabulantem
753 3570 908 3664 uitulus,
934 3584 1078 3661 taurus,
1107 3568 1143 3644 bt
1174 3644 1178 3655 ,

84 3672 148 3748 leo
166 3670 264 3747 simul
276 3666 529 3767 pascerentu,
557 3672 792 3767 &apuerulo
809 3666 1043 3759 diicerentui3
1070 3668 1141 3743 boa

87 3771 122 3851 u
143 3768 244 3849 ursus
262 3790 334 3861 una
350 3772 520 3870 pabulum
543 3770 742 3957 smeppnp,
758 3788 900 3885 *epium
913 3762 1143 3946 wugffqss‘
