2498 4254
231 219 310 298 nn
357 219 697 316 rnrucrrrrs,
746 218 937 299 nram.
1045 184 1162 318 27}¹

57 378 184 458 sanata
199 385 388 476 aliquando
410 386 445 460 u
466 386 629 478 repleta,
653 383 759 456 velut
778 382 979 479 gravisbmis
997 382 1117 457 oneri·

58 485 129 557 bus
149 485 297 559 luxuriae
314 506 356 557 ac
375 485 527 559 libidinis
544 484 711 579 fatigata,
736 482 872 556 facilius
895 483 930 555 ἃ
950 483 1115 557 velocius

60 584 231 655 converti
251 584 524 658 amarerialibus
541 581 702 683 sordibus
721 582 765 655 ad
777 581 969 655 coelestium
984 580 1116 655 deside-

57 681 151 755 rium
167 682 429 776 &spiritualem
444 685 591 779 gratiam
604 680 734 777 potest.
784 678 834 754 Et
852 683 926 753 boc
946 680 1129 763 arbitran-¹

58 780 144 853 dum
158 779 209 853 est
222 782 342 857 dixisie
357 782 600 879 Apostolum,
625 780 762 855 idcir'co
776 801 935 876 pugnare
955 777 1129 872 spiritum·

58 879 226 952 adversus
250 903 417 975 carnem,
452 882 648 955 &carnem
668 878 1037 973 adversus-spiritum,
1073 891 1117 951 ut

56 999 136 1051 non
156 1002 386 1074 quecumque
401 984 589 1073 volumus,
616 981 676 1054 illa
691 979 880 1071 faciamus,
908 978 979 1051 fine
1001 976 1115 1051 dubio

57 1100 100 1150 ea
116 1100 192 1169 quae
210 1094 312 1153 extra
328 1082 553 1154 voluntatem
571 1078 758 1175 spiritus&
774 1095 875 1152 extra
887 1079 1117 1151 voluntatem

56 1177 175 1249 carnis
186 1177 362 1275 designata
375 1177 474 1253 sunt:
500 1180 575 1253 utsr
592 1180 666 1251 aliis
679 1178 883 1253 nominibus
899 1176 1113 1271 diceremus,

57 1277 140 1368 qnia
152 1279 278 1351 melius
288 1278 527 1354 esthominem
537 1292 598 1352 aut
607 1278 645 1351 in
656 1279 792 1351 virtute
804 1275 887 1369 elie,
898 1288 961 1349 aut
971 1274 1115 1349 inmall·

55 1376 130 1465 tia,
160 1396 264 1469 quam
280 1378 318 1452 in
335 1380 437 1451 nullo
449 1380 595 1453 horum:
624 1379 739 1451 anima
753 1397 846 1449 vero
862 1376 1066 1469 priusquam
1079 1372 1115 1447 se

57 1488 253 1549 convertat
265 1476 308 1549 ad
324 1474 527 1569 spiritum&
539 1498 648 1551 unum
663 1474 834 1551 efficiatur
847 1496 929 1553 curu
943 1496 1011 1569 eo,
1031 1473 1117 1559 dunt
1205 1530 1209 1536 .

57 1573 216 1647 adhaeret
229 1578 399 1670 corpori,
425 1577 520 1651 &de
543 1578 741 1651 carnalibus
761 1578 920 1671 cogitat,
945 1571 1127 1665 nequein.

56 1673 162 1747 bono
182 1673 275 1749 slatu
295 1676 438 1749 videtur
460 1675 557 1767 effe,
591 1697 707 1767 neque
727 1673 909 1748 manifeste
933 1671 970 1745 in
992 1671 1114 1765 malo,

56 1770 118 1845 sed
133 1770 202 1846 elie
216 1775 354 1849 animali
377 1772 445 1870 (ut
459 1778 510 1848 ita
531 1773 707 1872 dixerim)
728 1775 856 1848 similis.
906 1772 1041 1845 Melius
1055 1789 1115 1843 au·

56 1884 133 1945 tem
155 1872 207 1944 est
225 1888 266 1945 ut
292 1874 318 1947 si
340 1871 418 1947 fieri
444 1875 564 1968 potest
587 1874 767 1948 adbaerens
786 1870 923 1965 spiritui
943 1867 1115 1950 efficiatur

53 1969 230 2063 spiritalis.
281 1972 317 2044 Si
338 1993 431 2046 vero
454 1971 533 2048 fieri
553 1996 629 2047 non
654 1971 801 2070 potest,
838 1970 949 2065 magis
970 1966 1117 2061 expedit

56 2091 137 2153 eam
153 2074 215 2143 vel
239 2072 353 2145 carnis
366 2072 535 2147 malitiam
556 2071 676 2166 sequi,
703 2071 858 2163 quamin
873 2068 942 2142 suis
964 2066 1118 2161 positam

56 2169 336 2265 voluntatibus,
372 2172 528 2247 animalis
546 2170 799 2247 irrationabilis
824 2166 952 2243 statum
976 2179 1117 2241 tenere.

55 2266 147 2343 Haec
169 2283 288 2345 autem
307 2270 533 2347 tradavimus
548 2274 718 2347 volentes
729 2268 939 2367 singularum
959 2264 1118 2339 assertio·

56 2388 143 2442 num
172 2368 333 2444 disserere
359 2372 577 2466 opiniones,
616 2369 779 2465 ampliori
807 2390 912 2461 quam
932 2366 1115 2439 voluimus

56 2466 108 2539 usr
119 2467 290 2563 excursu,
316 2470 371 2542 uti
386 2492 434 2544 ne
446 2472 558 2545 latere
575 2492 643 2544 nos
658 2482 870 2564 putarentur
890 2486 932 2539 ea
948 2485 1026 2556 quae
1038 2485 1117 2537 mo·
1145 2526 1148 2532 .

56 2566 139 2639 veri
162 2566 278 2641 solent
301 2573 343 2642 ab
366 2570 419 2642 his
436 2571 497 2662 qui
515 2582 698 2663 quarunt,
724 2566 905 2657 utrumsrt
918 2565 985 2636 alia
1001 2563 1118 2637 anima

57 2666 95 2739 in
110 2668 217 2739 nobis
232 2684 361 2760 praeter
381 2669 472 2742 hanc
489 2670 665 2745 coelestem
683 2667 718 2741 dt
737 2663 1010 2757 rationabilem,
1036 2682 1117 2753 quae

56 2764 141 2839 huic
167 2769 375 2840 naturaliter
409 2767 636 2862 adversetur,
672 2767 888 2840 &vocetur
920 2763 982 2836 vel
1007 2780 1115 2855 caro,

55 2864 119 2935 vel
133 2863 301 2957 sapientia
315 2866 447 2961 carrus,
475 2870 537 2942 'vel
555 2870 670 2942 anima
690 2867 817 2941 carnis.

132 2986 166 3053 4.
194 2964 304 3038 Nunc
328 2966 512 3041 videamus
536 2967 619 3059 quid
638 2966 745 3040 etiam
767 2962 953 3038 adversum
968 2960 1045 3034 haec
1060 2978 1117 3033 re·
1174 3042 1176 3049 ,

54 3060 223 3155 sponderi
238 3064 351 3138 soleat
369 3066 412 3137 ab
425 3068 479 3139 his
496 3069 556 3158 qui
575 3064 774 3141 defendunt
786 3084 897 3137 unum
912 3060 982 3136 elle
994 3062 1033 3133 in
1049 3079 1116 3132 no·

54 3163 111 3235 bis
123 3177 283 3256 motum,
310 3165 344 3236 dt
359 3186 465 3240 unam
485 3167 594 3239 vitam
612 3164 718 3237 unius
736 3163 966 3255 ejusdemque
977 3159 1115 3251 animae,

56 3262 158 3353 cujus
178 3262 250 3335 sive
274 3262 385 3355 salus,
419 3264 494 3338 five
512 3262 670 3358 perditio
691 3260 883 3338 secundum
910 3258 1006 3332 ailus
1031 3256 1116 3331 suos

53 3362 119 3455 ipsi
136 3363 282 3455 proprie
305 3362 529 3439 adscribatur.
580 3359 631 3435 Et
648 3363 766 3457 primo
793 3359 973 3433 videamus
999 3360 1116 3449 cujus·

53 3460 155 3536 modi
171 3462 238 3535 srnt
255 3464 426 3555 passiones
446 3461 551 3536 animi
571 3482 656 3555 quas
676 3461 830 3555 patimur
843 3479 924 3531 cum
945 3454 1115 3529 sentimus

53 3561 150 3633 intra
164 3560 402 3654 nosmetipsos
418 3562 568 3633 velutin
584 3574 703 3656 partes
713 3580 782 3632 nos
797 3556 873 3650 rapi
892 3577 956 3649 per
964 3556 1115 3651 singula:

56 3680 140 3733 curn
155 3682 272 3755 pugna
289 3659 444 3751 quaedam
462 3658 505 3731 fit
524 3654 784 3756 cogitationum
803 3658 839 3729 in
861 3655 1030 3729 cordibus
1047 3674 1115 3725 no·

54 3760 157 3851 stris,
185 3759 390 3851 &quaedam
406 3761 511 3835 nobis
528 3757 848 3833 verisimilitudines
865 3753 1117 3851 suggeruntur,
1183 3837 1187 3845 Ἴ

59 3862 188 3959 quibus
205 3879 302 3938 nunt
321 3860 359 3937 in
373 3859 469 3958 hoc,
494 3879 593 3937 ntrnc
611 3860 652 3935 in
670 3854 997 3943 aliudindlmmnr
1015 3902 1034 3943 3
1052 3848 1137 3937 qn-

552 3960 630 4075 83
885 3945 889 3954 ’
944 3954 1112 4041 busque.
1139 4052 1143 4057 Ι
