2498 4254
261 82 900 256 -onsonnrronn
1016 74 1193 248 'aar

73 307 216 387 Christo
235 311 350 387 vitans
365 311 565 387 desierant
579 311 625 386 ab
643 312 779 410 exiguis
801 310 1003 390 &terrenis
1018 316 1128 389 rebus

72 413 243 487 oratione
265 413 459 507 petendis,
485 411 520 485 br
544 409 754 503 adrnystica
774 429 928 505 quorum
948 412 1023 487 bec
1049 434 1128 505 que

69 512 218 604 predixi
236 513 284 585 im
328 513 407 586 ines
423 522 548 606 erant,
572 507 776 604 scriptionis
794 509 892 585 istius
904 506 1056 586 lebetes
1069 505 1134 587 adi
1151 555 1174 577 r.

67 610 244 700 hortanti.
334 612 425 685 mnis
447 612 544 685 enim
555 607 600 683 de
612 608 785 706 predibis
803 609 1039 704 spiritualibus
1051 632 1129 705 my·

67 707 238 802 stieisque
256 711 362 785 rebus
379 711 499 784 orstio
511 703 650 804 semper
666 710 711 783 sb
724 729 771 782 eo
784 705 967 802 perficiuu
982 712 1043 802 qui
1058 735 1135 783 nom

60 810 227 899 secumdum
239 834 365 883 carmem
373 809 522 884 militar:
545 805 607 881 sed
619 808 740 905 spirits
749 806 843 902 satia
857 814 965 881 earnis
977 804 1129 884 mortifi-

68 920 150 1002 cat,
175 911 358 1003 plurisque
378 908 467 983 facit
486 929 530 981 es
547 927 625 1000 quae
644 908 858 1006 anagogicus
878 904 995 983 sensus
1009 909 1129 1002 inqui.

67 1008 230 1083 rentibus
248 1008 417 1100 exhibet,
444 1027 548 1098 quam
566 1007 665 1098 quod
672 1006 776 1100 juxta
786 1009 926 1083 literam
939 1008 1126 1085 orantibus
1148 1054 1151 1059 ·
1169 1036 1172 1041 ’

68 1106 255 1204 contigisse
278 1103 496 1183 beneficium
516 1105 671 1181 videtur.
721 1104 817 1180 Narn
840 1104 926 1180 &in
942 1106 1048 1180 nobis
1065 1126 1126 1190 eu,-

64 1205 215 1280 randum
230 1206 284 1280 est
297 1227 344 1281 ne
357 1206 400 1281 fit
414 1208 530 1280 anima
544 1202 686 1297 sterilis,
710 1204 1125 1302 sedspiritualemlegem

65 1301 306 1397 spiritualibus
334 1308 476 1381 auribus
495 1306 706 1403 ¹audiamus,
744 1322 818 1396 quo
835 1304 1030 1379 defluamus
1055 1301 1127 1379 esse

64 1400 222 1498 steriles,
247 1400 1012 1499 btutAnnaatqueEzechirsexaudiarnur:
1035 1406 1131 1481 item·

63 1513 108 1572 ut
124 1504 169 1577 tb
178 1503 423 1579 insidiantibus
437 1504 588 1581 inimicis
601 1500 840 1597 spiritualibus
854 1504 1024 1594 nequitie
1035 1504 1125 1577 libe·

62 1620 206 1694 remur,
239 1617 281 1676 ut
301 1603 555 1681 Mardocbaeus
577 1600 612 1675 u
636 1598 764 1675 Esther
788 1601 822 1674 oa
844 1603 979 1696 Juditb.
1028 1601 1125 1679 Item

62 1702 236 1790 quoniam
253 1700 382 1776 fornax
403 1702 519 1779 ferres
542 1698 722 1798 AEgyptus
747 1697 817 1779 est,
853 1702 986 1773 terreni
1004 1702 1124 1777 omnis

60 1796 272 1897 locifigura,
298 1805 514 1894 quicumque
524 1803 687 1877 humane
702 1803 786 1873 vites
800 1800 968 1874 malitiam
982 1797 1123 1894 effugit,

62 1916 134 1970 nec
152 1920 171 1971 a
186 1915 340 1992 peccato
356 1899 594 1976 inflammatus
608 1895 677 1986 est,
704 1919 775 1972 nec
786 1919 852 1972 cor
866 1898 975 1971 babet
991 1899 1123 1973 clibani

60 1994 169 2070 instar
181 2001 262 2095 igne
277 2001 435 2096 plenum,
460 2021 538 2075 uon
556 2001 716 2075 minores
730 2001 858 2094 gratim
870 1995 1002 2070 reserat
1015 2019 1123 2089 quarn
1173 2069 1177 2077 ,

61 2098 123 2186 qui
141 2116 261 2173 rorem
276 2102 313 2172 in
329 2102 411 2196 igne
428 2102 568 2194 experti
586 2099 678 2175 sunt.
726 2100 819 2173 ltern
837 2099 921 2191 qui,
947 2115 1122 2172 eumont·

58 2205 174 2268 retae
191 2196 349 2272 diceret:
375 2203 429 2272 M
446 2206 556 2272 tradas
574 2201 673 2298 beplr'a'r
689 2205 827 2271 amimam
840 2201 1036 2288 confitentem
1048 2198 1121 2285 ribi,

61 2295 248 2369 exauditus
270 2295 345 2391 est,
371 2294 405 2370 bt
426 2301 470 2372 sb
487 2297 823 2394 aspidebrbalilisco
837 2296 1038 2372 nihillaesus
1055 2292 1121 2391 est,

60 2395 224 2487 eoquod
238 2398 334 2492 super
348 2399 409 2471 illa
430 2395 560 2473 Christi
583 2400 720 2473 virtute
739 2401 975 2485 ambulaverit,
995 2399 1122 2491 'camus

58 2499 366 2592 caveritqrrdeomem
377 2497 417 2574 θ
425 2500 604 2594 drmamem3
624 2520 783 2591 ususque
794 2498 935 2596 egregiis
945 2518 965 2571 a
977 2493 1120 2571 Christo

58 2591 142 2670 datu
149 2596 298 2692 potestate
313 2599 457 2670 calcandi
466 2599 565 2695 supra
577 2601 732 2696 serpentes
751 2601 789 2674 (5
798 2601 986 2694 storpmmes,
1011 2595 1050 2673 (ἶ
1064 2598 1121 2684 su·

52 2713 246 2790 peromnem
264 2703 572 2791 uirtutemirsimr'ti,
597 2699 697 2772 nulla
707 2701 750 2773 ab
767 2702 819 2773 eis
832 2698 957 2790 injuria
971 2692 1120 2769 affesttls
1184 2726 1187 2735 ·
1213 2694 1216 2699 ’

59 2790 133 2886 est,
158 2798 351 2889 ampliores
373 2794 529 2871 Daniele
552 2799 680 2894 gratias
706 2810 805 2893 egat,
830 2817 963 2889 nempe
983 2795 1123 2868 terribi-

56 2893 209 2967 lioribus
237 2896 586 2987 potentioribusque
610 2897 739 2969 belluis
760 2897 941 2970 liberatus.
991 2893 1122 2966 Praete·

56 3011 120 3069 tea
130 2995 189 3081 qui
199 2991 264 3067 stit
276 2996 376 3086 cujus
389 2997 460 3068 ceti
473 2999 590 3092 imago
600 2995 643 3068 srt
654 2995 716 3068 ille
729 2994 928 3089 quiJouam
941 2991 1120 3089 deglutiit,

55 3092 296 3188 intelligitque
315 3094 410 3167 illiue
430 3092 499 3168 elle
522 3095 567 3167 de
585 3114 658 3185 quo
680 3092 752 3188 Job
773 3101 842 3173 altr
868 3093 1046 3165 Μαίιάὶωι
1068 3095 1119 3199 εἰ,

56 3196 113 3287 qui
126 3195 282 3265 maledicit
296 3196 376 3263 diem
390 3197 491 3267 isam:
507 3199 564 3291 qui
575 3194 669 3264 babet
680 3218 824 3287 magnum
838 3208 938 3264 cetum
950 3193 1120 3289 opprimere

55 3288 124 3363 issr
140 3313 215 3385 quo
230 3289 450 3367 infidelitatis
461 3290 559 3388 lapsu
573 3295 611 3366 in
625 3306 790 3391 ventrem
806 3293 879 3365 ceti
897 3292 1121 3386 pervenerit,

54 3393 236 3484 poenitens
252 3404 354 3482 oret,
370 3389 501 3466 &inde
519 3393 741 3489 egredietur,
754 3387 992 3487 egressusque,
1005 3389 1030 3465 sr
1044 3388 1120 3465 Dei

55 3491 232 3565 mundatis
264 3510 389 3585 parere
413 3492 642 3587 perseveret,
674 3493 812 3586 poterit
838 3489 943 3563 editis
966 3486 1139 3565 fauente.

55 3587 179 3684 spiritu
206 3591 409 3684 prophetiis
439 3593 547 3666 etiarn
570 3612 669 3666 nunc
690 3589 924 3684 pereuntibus
939 3586 1119 3663 Ninivitis

58 3686 203 3765 occasio
218 3686 337 3765 salutis
357 3689 443 3765 elle:
468 3710 589 3782 neque
603 3704 725 3765 tamen
739 3688 942 3771 bonitstem
953 3686 1025 3763 Dei
1040 3706 1118 3761 mo·

55 3782 472 3886 lesteserstneeillum
486 3791 629 3888 optabit
644 3787 873 3871 extendendi
886 3788 1117 3901 uoluntstem

1024 3904 1072 3961 tu
