2498 4254
340 182 436 261 nc
486 176 940 265 onacroutt
1101 208 1177 284 ις,

191 364 248 437 13.
274 343 430 443 Quodsi
451 343 553 441 Jeiua
566 360 647 425 orat
669 366 740 421 nec
762 360 843 421 orat
857 344 1005 441 mitra,
1030 344 1092 423 sed
1112 332 1178 444 per

114 446 321 519 orationem
351 444 467 537 petita
492 442 746 537 consequitur,
781 446 854 521 fine
884 449 1053 521 oratione
1077 445 1180 521 forte

113 563 193 619 non
216 554 453 635 accepturus:
485 545 563 635 quia
586 542 748 619 nostrum
772 564 876 619 orare
895 543 1080 644 negligat?
1109 542 1178 623 Ait

113 645 211 717 enim
225 640 391 716 Marcus:
418 644 467 716 Et
474 644 610 716 diluculo
624 646 718 717 vaide
727 645 876 739 surgens,
904 647 1030 739 egreffics
1043 645 1127 718 obiit
1138 652 1177 719 in

112 742 263 829 desertum
275 742 385 829 iocum,
411 742 514 841 ibique
529 744 661 831 cecicit
686 742 804 817 Lucus
824 754 962 818 autem:
990 746 1038 818 Et
1048 742 1177 838 fotium

112 842 154 939 est
169 865 238 912 cum
253 838 324 934 effer
341 846 379 912 in
398 844 529 941 quolam
544 845 738 927 lucorum,
763 859 802 914 ut
820 842 964 936 cessavit,
992 846 1079 916 dixit
1092 870 1178 917 unus

114 967 154 1012 cx
169 941 328 1037 discipulis
341 946 410 1045 rjus
427 945 467 1013 ad
487 967 554 1014 eum
563 965 577 1031 ,⁶
603 942 637 1016 ἀ
654 943 754 1018 alibi:
784 944 831 1015 Et
852 943 1123 1039 cratpcrnriicns
1140 952 1180 1017 iar

114 1046 258 1130 oracione
275 1044 351 1114 Dei.
400 1040 561 1138 Joanner
584 1062 676 1117 vero
694 1043 899 1117 orationem
916 1043 991 1136 eius
1012 1042 1180 1121 describit

114 1142 293 1217 tumuit:
320 1144 397 1215 Hac
420 1142 601 1241 locutusefl
627 1143 744 1241 Jesus‚
769 1140 810 1219 U
829 1142 1000 1231 [reiiceretis
1018 1147 1110 1232 oculis
1139 1149 1179 1217 in
1226 1144 1231 1151 ’

76 1220 227 1312 &cium
239 1240 346 1313 lixit:
375 1242 474 1315 Pater
490 1246 584 1314 venit
600 1244 702 1330 horo,
726 1242 865 1334 clarifice
875 1243 987 1335 filiunt
1002 1258 1114 1330 tuum,
1139 1260 1178 1316 ut

104 1340 203 1434 filicis
214 1354 288 1411 tuus
305 1340 459 1431 ciaiificcr
476 1358 518 1414 tr.
571 1338 619 1413 Et
629 1340 735 1415 illud:
761 1342 989 1442 Scieicmquia
999 1342 1119 1439 semper
1128 1369 1178 1416 me

113 1440 226 1521 audis,
250 1460 272 1513 a
294 1438 460 1515 Domino
490 1438 641 1534 ditium,
668 1439 702 1513 δι
728 1440 925 1517 abeodem
951 1438 1179 1538 Evangelista

114 1536 379 1634 conscriptum,
407 1537 566 1629 ostendit
581 1560 664 1615 eum
685 1543 744 1633 qui
762 1538 901 1635 semper
912 1553 1014 1634 oret,
1039 1541 1179 1636 semper

113 1638 285 1715 exaudiri.
336 1638 437 1739 Quid
456 1636 639 1715 elirutem
657 1638 799 1714 necelse
823 1660 888 1714 eos
911 1638 1099 1715 recensere
1117 1644 1179 1732 qui

112 1735 215 1831 quod
233 1746 278 1809 ut
298 1750 453 1831 oportet
475 1750 646 1825 orarent,
670 1740 822 1813 maxima
846 1759 865 1812 a
886 1738 971 1814 Deo
998 1737 1179 1814 beneficia

113 1835 304 1909 consecuti
324 1834 436 1911 suntt
469 1857 551 1912 cum
575 1836 681 1911 facile
707 1840 837 1929 cuique
866 1836 910 1913 fit
935 1839 1036 1930 plura
1067 1839 1129 1913 fibi
1155 1860 1183 1913 c

115 1932 299 2028 scripturis
322 1934 482 2035 seligere.
530 1935 640 2012 Anna
670 1939 765 2011 enim
793 1935 967 2013 Samuelis
995 1938 1088 2012 illius
1118 1938 1180 2030 qui

115 2032 241 2129 Moyli
264 2046 546 2110 connumeratus
576 2033 658 2129 est,
691 2036 917 2133 generationi
944 2034 1180 2131 ministravit,

114 2132 200 2227 quia
222 2153 304 2206 cum
325 2148 593 2230 muneraret,
619 2134 771 2227 credidit
792 2135 827 2208 δι
846 2138 970 2210 oravit
989 2134 1033 2209 ad
1052 2136 1181 2211 Domi·
1231 2196 1238 2205 ,

112 2251 225 2319 nume
248 2228 430 2307 Ezechias
448 2246 567 2307 autem
585 2254 668 2308 cum
682 2232 806 2308 liberie
828 2233 945 2308 adhuc
966 2247 1106 2309 careret
1119 2255 1181 2309 ac·

116 2329 337 2425 cepissetque
361 2334 406 2406 cb
430 2332 515 2406 lsaia
536 2332 573 2407 se
590 2337 825 2426 moriturum,
851 2335 973 2408 oravit
995 2332 1029 2407 δι
1055 2335 1093 2406 in
1112 2333 1182 2408 ser·

115 2432 255 2504 vatoris
276 2433 522 2529 genealogiam
551 2430 714 2506 admilsua
740 2430 803 2509 est.
851 2433 930 2531 Jam
958 2452 1037 2509 uno
1059 2432 1180 2509 editio

114 2527 321 2621 insidiisque
336 2527 457 2605 Amen
477 2533 657 2626 periturus
679 2544 757 2605 erat
775 2534 953 2625 populus,
980 2552 1063 2608 cum
1082 2534 1181 2607 Mar·

115 2624 259 2701 dochoei
281 2625 316 2699 δι
342 2627 473 2703 Esther
499 2632 618 2707 oratio
641 2630 778 2722 jejunio
801 2628 992 2724 conjuncta
1012 2631 1180 2707 exaudita

117 2722 192 2819 est,
217 2725 396 2819 &preter
410 2726 533 2801 festae
552 2728 686 2819 Moyse
705 2726 923 2815 constituta,
948 2728 1181 2823 Mardochai·
1229 2762 1233 2769 ·

117 2843 201 2900 curn
222 2827 362 2920 populo
380 2828 525 2922 peperit
538 2827 671 2900 lutitiae
689 2827 793 2902 diem.
832 2828 956 2923 Judith
971 2827 1096 2903 ianuis
1112 2832 1181 2907 ob.-

115 2924 201 2996 latit
219 2925 386 3017 precibus
414 2925 693 3018 Holophcrnem
713 2925 799 2998 Deo
827 2928 1020 3019 adiuvante
1041 2927 1181 3017 supera·

116 3022 199 3115 vit,
225 3021 352 3097 &una
366 3023 604 3098 Hebraeorum
627 3022 762 3099 femina
779 3025 897 3101 labero
918 3027 1042 3123 domui
1056 3026 1189 3101 Natu..

117 3120 385 3196 chodonosoric
407 3122 534 3199 inuliit.
585 3120 771 3216 Ananiae,
796 3124 966 3219 Annas,
997 3124 1183 3203 &Miliel
1234 3134 1241 3145 “

117 3219 276 3295 exauditi
294 3220 402 3314 sunt,
426 3234 709 3315 merueruntque
733 3240 867 3295 ventum
885 3230 971 3296 coris
984 3224 1115 3317 {lanum
1131 3226 1179 3321 ig.
1229 3278 1232 3283 -

115 3320 247 3411 niaque
275 3320 371 3393 vires
395 3320 632 3394 cohibentem
659 3323 835 3415 accipere.
886 3321 928 3398 In
950 3325 1179 3417 Babylonico

115 3416 387 3495 iaccoleonum
404 3439 469 3492 ora
490 3419 653 3493 Danielis
671 3423 839 3514 precibus
862 3423 1088 3500 obturantur.
1114 3424 1183 3519 Jo-

116 3536 184 3590 nas
200 3534 281 3591 curn
299 3539 320 3591 e
340 3531 471 3591 ventre
486 3520 590 3591 cetia
614 3537 690 3611 quo
705 3519 898 3616 deglutitus
912 3535 1010 3615 erat,
1036 3519 1181 3597 excudi·

118 3615 150 3685 ri
172 3634 250 3688 non
273 3614 507 3714 desperasset,
545 3616 698 3714 egressus
718 3618 822 3709 inde,
858 3621 1110 3713 propheticam
1135 3621 1181 3696 acl

118 3710 303 3788 Ninivitas
318 3718 537 3813 legationem
558 3719 656 3813 prius
669 3716 876 3791 inchoatam
896 3717 1052 3794 feliciter
1068 3719 1182 3801 absol·

120 3816 187 3891 vlt.
238 3813 385 3909 Quanta
399 3835 493 3893 vero
511 3813 594 3895 suut
611 3834 691 3907 quc
708 3817 956 3915 unusquisque
974 3817 1136 3896 nostrum
1151 3818 1178 3901 li

592 3913 657 3992 Fi
678 3934 700 4009 ς
1017 3910 1142 3999 nouo
