2498 4254
306 185 401 261 oo
450 156 940 305 orontium?
1047 196 1142 278 ras·

72 353 223 429 coetibus
242 348 379 442 adello,
405 350 583 443 ipsiusque
602 349 753 421 Domini
774 347 807 420 dr
825 347 1030 422 servatoris
1054 370 1121 423 no-

72 454 132 526 stri
158 453 357 540 virtutem,
391 451 466 523 imo
483 449 528 522 ·&
556 447 753 521 sauciorum
778 446 949 540 spiritua,
987 449 1123 540 opinor
1227 493 1236 501 -

73 556 179 625 etiam
196 546 462 647 dehrndlorumr
487 569 568 621 nam
583 547 628 620 de
645 544 884 640 superstitibus
899 545 1123 622 manifestum

73 652 151 742 est,
175 652 262 720 licet
277 647 464 738 quomodo
483 648 615 735 adopt,
640 646 744 719 facile
761 666 838 718 non
851 646 893 719 fit
907 646 1037 721 dicere.
1063 647 1123 721 Ac

73 752 120 822 de
145 748 276 842 angelis
297 747 438 838 quidem
463 747 509 819 stc
530 747 650 840 colligi
673 743 806 838 potest:
836 744 872 817 oi
897 752 1049 818 immittet
1063 770 1145 817 am·

68 850 155 941 gelus
176 851 309 918 Domim
328 853 364 915 in
383 852 518 917 circuitu
543 851 726 915 timentium
744 870 832 934 eum,
858 842 897 921 (Ἰ
915 850 1025 942 eripiet
1049 871 1122 934 eor,

74 949 108 1018 u
128 967 213 1017 vera
234 947 392 1035 loquitur
414 947 529 1039 Jacob
547 966 627 1017 cum
652 966 729 1016 non
756 944 802 1018 de
826 942 861 1017 se
885 943 984 1035 solo,
1010 944 1070 1019 sed
1086 949 1124 1020 dt

73 1047 119 1119 de
138 1047 303 1118 omnibus
319 1047 379 1136 qui
400 1045 484 1117 Deo
509 1045 636 1118 devoti
655 1043 758 1134 sunt,
781 1044 995 1138 intelligenti
1014 1046 1124 1117 dicit.-

73 1146 212 1238 Angeius
232 1148 288 1241 qui
295 1142 388 1214 'eruit
412 1170 459 1214 me
478 1169 515 1213 ex
534 1145 674 1214 omnibus
695 1144 808 1213 malo:
835 1145 1021 1236 probabile
1046 1142 1123 1236 est,

73 1245 194 1319 multis
207 1245 245 1316 in
266 1240 392 1315 Christi
411 1243 559 1339 gloriam
576 1245 733 1339 legitime
749 1244 993 1338 congregatis,
1017 1234 1124 1317 unius

75 1345 247 1434 cujusque
273 1343 435 1436 angelum
453 1345 493 1416 in
514 1345 667 1415 circuitu
689 1341 904 1439 fingulorum
923 1342 1127 1416 timentium

73 1445 290 1533 immittere,
317 1462 398 1514 curn
423 1442 487 1514 illo
514 1441 651 1515 scillcet
676 1443 758 1514 viro
781 1442 880 1532 cuius
901 1441 964 1534 ipsr
988 1461 1072 1513 cura
1090 1442 1125 1514 dt

75 1539 236 1613 custodia
264 1542 390 1613 tradita
416 1539 492 1616 est:
523 1554 565 1613 ut
589 1543 722 1635 duplex
747 1541 972 1636 congregatis
1001 1537 1126 1612 sanclis

72 1639 223 1713 ecclesia
258 1640 326 1730 fit,
364 1641 473 1713 altera
504 1639 717 1731 hominum,
762 1642 872 1711 altera
905 1641 1125 1734 angelorum

76 1735 227 1833 Quodsi
244 1740 304 1810 vel
317 1737 445 1811 Tobiae
459 1738 565 1811 solius
579 1740 629 1811 ait
643 1739 803 1830 Raphael
814 1739 847 1826 [ι
859 1739 997 1834 obtuhffe
1013 1744 1051 1808 in
1066 1763 1129 1807 me-

75 1837 205 1908 moriale
226 1841 415 1923 orationem,
442 1837 570 1910 deinde
591 1837 700 1909 Sarrae
719 1859 796 1927 quae
818 1859 927 1910 nurus
946 1839 1021 1928 ejus
1036 1835 1128 1911 fasta

77 1936 128 2009 est
150 1935 278 2009 Tobiae
297 1933 375 2008 filio
391 1951 522 2031 nupta,
548 1937 632 2026 quid
653 1937 842 2011 dicendum
863 1937 983 2010 multis
1003 1935 1129 2010 eadem

74 2049 199 2109 mente
223 2033 256 2106 dc
277 2032 452 2107 sententia
473 2038 772 2107 concurrentibus
798 2035 831 2107 dr
856 2056 967 2109 unum
995 2054 1128 2128 corpus

72 2138 112 2209 in
130 2131 269 2205 Christo
287 2131 617 2209 constituentibus?
643 2133 757 2207 Porro
775 2134 820 2208 de
844 2133 972 2207 Christi
992 2136 1128 2209 virtute
1148 2192 1152 2211 .
1242 2152 1247 2169 ·

76 2233 234 2307 ecclefiae
250 2231 421 2306 alhstente
445 2233 573 2306 Paulus
595 2235 663 2306 ait:
692 2237 889 2328 congregatis
903 2236 991 2304 vobis
1010 2231 1049 2310 o
1066 2257 1131 2305 mae
1223 2292 1228 2301 .

68 2335 190 2429 spiritu
207 2358 273 2402 cum
289 2338 416 2403 virtute
436 2328 565 2403 Domini
582 2331 683 2431 Jefir3
708 2348 750 2405 ut
762 2336 896 2427 virtute
909 2332 1061 2407 Domini
1072 2334 1131 2428 Je-

72 2433 115 2505 su
140 2452 216 2504 non
240 2432 322 2504 solis
351 2429 537 2525 Ephesiis,
563 2432 623 2506 sed
649 2431 903 2507 &Corinthiis
923 2431 1129 2526 conjunua.

77 2530 232 2625 Quodsi
253 2552 408 2624 corpore
432 2533 547 2604 adhuc
569 2533 716 2605 indutus
731 2532 860 2606 Paulus
876 2534 914 2605 in
934 2552 1130 2606 commune

77 2627 266 2701 consulere
287 2629 410 2722 spiritu
436 2631 500 2704 suo
529 2630 695 2705 Corinthi
717 2631 817 2724 polle
845 2635 1017 2724 putavit,
1049 2649 1130 2705 non
1213 2646 1215 2659 ¹

79 2726 132 2799 est
158 2727 412 2818 desperandum
434 2751 498 2801 eos
522 2734 629 2804 etiam
657 2732 717 2820 qui
743 2752 765 2803 e
788 2733 865 2802 vita
885 2728 1131 2819 excelierunt,

77 2830 210 2927 lptatos
227 2827 270 2898 ad
289 2827 453 2900 ecclehas
467 2827 590 2919 spiritu
609 2848 820 2908 occurrere,
845 2826 993 2900 &forte
1007 2828 1133 2921 potiua

72 2945 186 3016 „guam
206 2927 235 2996 is
254 2929 317 3016 qui
338 2924 389 2997 est
413 2930 450 2999 in
471 2948 639 3018 corpore.
691 2930 924 3024 Quapropter
942 2927 1071 3019 quaein
1089 2927 1138 3001 il·

77 3026 125 3099 lis
141 3021 234 3095 fiunt
248 3046 375 3117 preces
393 3025 669 3099 contemnende:
686 3048 762 3099 non
779 3025 878 3120 sunt,
904 3029 1038 3120 quippe
1054 3044 1133 3117 quo

81 3124 249 3197 eximium
272 3124 403 3215 aliquid
421 3122 576 3197 afferunt
596 3127 754 3222 legitime
782 3126 1030 3203 convenienti.
1080 3125 1135 3199 At

79 3223 380 3312 quemadmodum
403 3226 519 3296 virtus
544 3223 626 3319 Jesu
647 3223 680 3297 u
705 3224 844 3320 spiritus
864 3224 964 3297 Pauli
986 3226 1134 3316 ejusque

80 3323 267 3414 similium,
293 3322 378 3395 &in
403 3326 554 3395 circuitu
576 3323 792 3418 fingulorum
810 3322 1007 3399 sanctorum
1022 3342 1138 3399 excu-

83 3425 211 3492 bantes
232 3426 347 3517 angeli
361 3422 512 3496 Domini
528 3443 608 3497 cum
625 3425 693 3497 illis
714 3421 985 3509 concurrunt&
1000 3442 1137 3496 conve·

83 3521 191 3594 niunt
206 3524 265 3611 qui
279 3523 436 3616 legitime
456 3536 737 3617 congregantur;
761 3522 808 3593 sle
827 3523 935 3595 etiam
951 3522 1137 3595 attenden·

87 3620 170 3690 dum
186 3618 237 3691 est
255 3643 302 3693 ne
323 3622 347 3694 ir
369 3623 445 3710 quis
466 3624 593 3715 angelo
618 3619 736 3693 santio
760 3620 923 3716 indignus
944 3621 1007 3712 ot,
1032 3622 1061 3695 is
1086 3622 1139 3692 ie«

85 3717 198 3810 ipsum
214 3721 341 3813 angelo
360 3722 506 3792 diabolo
523 3719 637 3793 tradat
651 3719 883 3814 peccando&
899 3720 1019 3810 iniqua
1034 3737 1137 3813 agen·

87 3820 148 3894 do.
200 3819 273 3915 Qui
297 3821 391 3895 euim
410 3820 488 3895 talia
512 3821 600 3915 erit,
632 3818 822 3910 siquidem
845 3838 982 3919 paucos
1006 3820 1136 3897 habeat

641 3915 783 4037 Oos¹
1049 3912 1117 3985 ii&
