2498 4254
129 32 145 203 '¹
199 97 276 178 nn
324 95 664 197 numerous,
713 96 905 180 nrum.
1015 124 1083 203 191

54 283 114 337 urn
134 284 205 337 nos
224 262 366 359 quidem
379 260 461 356 justi
482 261 644 356 utoni,
669 258 862 336 secundum
875 260 971 357 ipsos
990 286 1085 353 verp

54 362 106 437 tsti
140 363 434 439 tantummodo·
463 359 728 437 Etostendant
758 363 864 435 nobis
897 366 1084 455 quomodo

54 470 128 537 leus
151 485 256 557 quem
274 464 398 555 utique
421 462 456 535 &
478 463 542 555 ipsr
561 460 692 555 iustum
715 462 896 556 fatentur,
918 461 1010 555 juste
1034 466 1085 541 fa·

54 563 99 635 [at
112 583 181 633 cor
194 563 347 637 hominis
362 562 537 655 indurari,
563 577 605 633 ut
618 572 664 634 ex
676 560 748 654 ipsa
759 560 987 637 induratione
1000 586 1086 658 pec·

54 674 85 735 et
103 660 293 755 &pereat
342 658 394 733 Et
410 661 595 753 quomodo
616 661 654 733 in
677 661 752 734 hoc
773 659 845 733 Dei
866 660 1000 752 justitia
1024 664 1085 737 de·

54 760 214 855 ardetur,
247 760 274 835 si
298 759 372 854 ipse
393 762 443 833 eis
470 759 570 834 causa
590 758 799 853 perditionis
826 759 964 853 existit,
989 782 1082 853 quos
1136 801 1140 808 ·

54 880 95 933 :o
112 881 161 933 eo
181 860 293 952 quod·
309 860 437 933 duritie
463 859 636 933 increduli
655 858 879 953 exstiterint‚.
898 857 971 952 ipse
985 860 1085 953 post-

54 958 174 1034 rodum
183 959 312 1052 judicis
327 957 541 1034 audoritate
553 957 758 1034 damnavit?
776 960 874 1058 Quid
888 960 995 1035 etiam
1009 962 1084 1037 cul·
1163 1020 1172 1045 s

54 1072 86 1132 at
104 1078 188 1134 eum
210 1059 354 1154 dicens,
385 1053 436 1133 Tu
460 1079 563 1131 autem
586 1065 733 1158 quoniam
758 1083 825 1129 non
848 1064 902 1129 vis
926 1063 1084 1135 dimittere

54 1160 170 1255 pulum
188 1184 309 1249 mrum,
341 1185 401 1231 ecce
410 1165 587 1257 percutiam
607 1167 712 1231 ommia
730 1164 902 1255 primitivo
918 1164 956 1231 in
980 1164 1088 1255 Αἶαν-

54 1284 95 1353 o,
115 1262 211 1330 eriam
225 1265 431 1353 primitivum
448 1276 558 1350 tuum,
573 1258 606 1333 dt
624 1279 854 1352 quaecumque
872 1260 938 1331 alia
952 1258 1083 1353 scripta

54 1372 104 1431 rnt
127 1378 192 1453 per
216 1356 373 1452 Moysen
398 1358 488 1433 ditia
513 1359 581 1433 elle
607 1380 628 1431 a
651 1356 737 1433 Deo
763 1360 807 1431 ad
830 1358 1083 1435 Pharaonem?

54 1456 177 1532 'ecesse
193 1456 244 1533 est
269 1459 363 1533 enim
378 1480 520 1533 ornnem
546 1459 605 1551 qui
623 1478 710 1531 vera
735 1454 852 1531 asserit
876 1480 918 1530 ea
941 1480 1018 1550 quae
1042 1459 1082 1533 in

54 1557 202 1650 :ripturis
227 1557 454 1651 referuntur,
487 1556 733 1631 &ostendere
757 1559 840 1629 vult
855 1556 985 1650 justum
1010 1557 1081 1633 elle

54 1672 144 1730 teum
160 1656 245 1753 legis
261 1659 295 1731 dt
310 1659 593 1751 prophetarum,
617 1678 686 1750 pro
703 1657 756 1729 his
774 1658 938 1731 omnibus
955 1657 1082 1731 redde·

54 1755 273 1848 arationem,
300 1758 486 1849 quomodo
504 1778 569 1851 per
582 1757 656 1829 hoc
674 1758 763 1831 nihil
776 1753 919 1852 prorsus
937 1754 1081 1849 justitie

54 1856 96 1929 tei
110 1855 321 1952 derogetur:
347 1856 514 1948 quoniam
527 1857 615 1929 licet
628 1858 765 1929 bonum
787 1875 868 1928 eum
882 1870 1015 1953 negent
1024 1859 1081 1948 ju·

54 1976 114 2029 uun
130 1956 302 2029 tamen&
319 1955 474 2048 jndicem
494 1954 529 2027 &
547 1955 669 2027 mundi
692 1971 895 2027 creatorem
908 1953 1079 2031 fatentur.

54 2054 127 2127 llius
150 2055 244 2129 enim
268 2054 505 2151 responsionis
532 2055 624 2127 ordo
651 2050 880 2127 estadversus
906 2073 993 2148 eos,
1019 2057 1082 2146 qui
1171 2112 1174 2118 .

54 2154 232 2251 trignum,
268 2155 305 2229 id
336 2153 404 2250 est,
439 2154 621 2229 diabolum
644 2154 766 2229 mundi
794 2153 899 2247 nujus
924 2152 1080 2229 afferunt

54 2267 231 2330 reatorem.

98 2375 154 2429 ιο.
181 2352 263 2427 Nos
290 2372 383 2427 vero
411 2357 579 2447 quoniam
602 2374 681 2427 non
703 2350 817 2428 solum
837 2351 991 2448 justum,
1016 2351 1078 2433 sed

54 2452 214 2527 tbonum
227 2453 347 2527 Deum
372 2453 524 2541 fatemur
549 2453 608 2546 qui
634 2474 699 2547 per
722 2450 880 2546 Moysen
904 2456 1077 2547 loquutus

54 2546 96 2648 st,
120 2550 370 2649 perspiciamus
385 2552 588 2653 diligentius
597 2556 784 2647 quomodo
792 2552 888 2649 justo
901 2554 1078 2653 bonoque

889 2674 1027 2729 conve·

240 2809 667 2891 Iunnnnnnnnrro
702 2830 852 2917 noun.
928 2854 932 2863 ·

54 2950 162 3027 'uDeo
171 2952 379 3027 tribuuntur
385 2952 607 3030 Pharaonem
616 2974 680 3050 per
686 2950 844 3047 Moysen
858 2950 1076 3046 alloquenti?

54 3048 173 3127 lecesle
187 3054 281 3127 enim
292 3053 393 3126 estut
403 3056 462 3145 qui
476 3075 580 3129 verns
593 3053 662 3129 esse
676 3052 886 3146 scripturas,
911 3053 1077 3130 &Deum

54 3150 147 3226 titum
165 3152 298 3246 credit,
324 3153 349 3225 fi
369 3156 468 3227 bona
482 3153 525 3227 s1t
543 3148 636 3246 fide,
661 3152 812 3227 sollicite
835 3154 1075 3249 demonstret,
1187 3223 1194 3231 .

54 3250 460 3327 tomodonilrilobstent
474 3253 648 3345 ejusmodi
659 3252 762 3347 ditia,
776 3255 967 3346 quominus
977 3274 1076 3345 aper·

54 3376 60 3423 t
68 3350 179 3444 justus
198 3352 427 3447 intelligatur.
481 3352 516 3424 Si
536 3355 613 3447 quis
629 3356 724 3427 enirn
737 3375 783 3427 ex
796 3350 955 3447 professo
970 3355 1076 3439 enixe

54 3472 62 3525 :
77 3465 255 3527 contente
270 3455 456 3545 palamque
468 3456 599 3528 malum
614 3451 683 3527 esse
695 3453 817 3527 mundi
832 3448 1002 3545 opificem
1009 3452 1076 3529 sta·

54 3567 159 3646 teret,
185 3552 253 3627 alia
271 3573 351 3626 cum
369 3552 446 3646 ipso
463 3556 603 3629 ratione
621 3552 794 3651 agendum
813 3551 922 3627 foret.

95 3674 152 3728 10.
179 3650 251 3727 Sed
264 3673 344 3725 cum
364 3654 484 3726 dicant
507 3652 561 3727 isti
586 3674 667 3729 eum
692 3651 727 3725 se
748 3650 878 3745 justum
904 3652 1074 3751 credere,

54 3772 85 3829 >s
109 3771 204 3845 vero
227 3752 365 3847 bonum
388 3772 471 3841 eum
488 3754 589 3843 sinu
611 3751 796 3847 &jutum
813 3748 1073 3925 eonfitemur.

917 3872 964 3926 un
985 3870 1033 3924 ea
