2498 4254
246 132 326 213 DE
366 128 711 229 salmensis,
760 126 937 211 LIB.II.
1039 150 1110 235 rap

64 295 134 373 irnt
152 298 223 371 aiia
235 285 313 390 q'uae
328 311 453 371 carent
471 295 663 394 sanguine,
689 294 725 371 dr
743 292 812 371 effe
831 296 1019 371 animantia
1036 316 1108 372 ma·
1166 296 1169 302 ’

64 392 263 471 niiestr'ffime
285 398 587 471 demonstrantur:
613 395 897 490 respondendum
912 396 992 489 est,
1018 398 1113 489 quo·¹

64 498 145 571 niam
157 498 195 569 in
205 497 455 589 hujuscemodi
469 496 703 589 animantibus
717 518 821 587 quarn
832 496 870 568 in
881 496 1017 571 caeteris
1030 497 1108 573 vim

64 594 160 675 babet
175 598 274 669 rubri
289 594 462 692 sanguinis
476 597 603 692 vigor,
628 596 721 669 banc
738 595 812 669 vim
828 596 972 669 obtinet
984 596 1020 669 in
1034 594 1107 671 istis

64 692 181 767 humor
199 692 264 769 iste
279 697 340 787 qui
358 696 448 769 inest
463 697 500 768 in
522 697 598 788 eis,
624 696 711 769 licet
729 696 874 768 alterius
888 694 931 768 fit
948 695 1107 791 coloris,

64 792 139 867 nibil
155 796 250 868 enim
265 794 378 868 refert
402 796 463 886 qui
480 796 523 868 fit
540 797 672 887 color,
702 794 897 868 dummodo
917 792 1109 869 substantia

64 890 254 968 invitalis.
303 894 364 967 De
386 895 555 986 jumentis
581 915 672 969 vero
699 896 760 967 vel
784 894 980 987 pecudibus
1008 892 1108 984 quod

64 990 241 1064 animantia
264 994 357 1087 fint,
395 995 501 1069 etiam
527 994 619 1086 apud
644 1014 869 1069 communem
895 993 1108 1086 opinionem
1142 986 1145 992 ’
1185 1075 1189 1089 ,

64 1090 146 1163 nulla
157 1092 335 1165 dubitatio
350 1091 411 1169 est.
460 1092 620 1167 Evidons
630 1107 749 1169 tamen
760 1092 811 1165 est
822 1093 952 1165 divina
960 1090 1108 1186 scriptu·

64 1206 101 1259 τε
114 1186 311 1285 sententia,
335 1214 417 1267 cum
433 1192 519 1269 dicit
539 1192 657 1268 Deus:
689 1200 840 1264 Producat
856 1210 944 1264 terra
964 1199 1112 1263 unimam

64 1292 162 1363 rivam
173 1298 343 1381 secundum
357 1316 473 1385 gersus,
499 1295 711 1388 quadrupedia
731 1290 768 1369 θ
786 1297 925 1388 repentia
944 1289 984 1369 (Ἰ
997 1292 1127 1389 beflr'at‘

64 1391 321 1475 trraesrcrndum
339 1416 447 1481 genus.
498 1393 576 1489 Jam
598 1414 690 1465 vero
714 1392 759 1464 de
773 1392 920 1465 homine
943 1393 1106 1485 quamvis

66 1488 138 1574 nulli
151 1488 297 1564 dubium
314 1490 375 1584 fit,
401 1514 470 1565 neo
485 1492 668 1583 requirere
687 1492 809 1583 aliquis
829 1490 954 1584 possit:
984 1506 1106 1566 tamen

68 1578 280 1681 &scriptura
290 1590 410 1663 divina
430 1591 606 1687 designat,
633 1586 731 1684 quod
752 1598 836 1661 oeus
856 1590 1024 1682 infaciem
1037 1594 1106 1689 rjus

69 1686 226 1781 inspiravit
230 1689 460 1785 spiramentum
477 1698 567 1785 oirae,
594 1689 803 1787 &fufiusest
817 1693 905 1761 hom
916 1697 1105 1761 inanimam

68 1790 221 1858 aurarem.
272 1788 439 1881 Superest
470 1790 515 1864 de
546 1792 708 1886 angelico
740 1790 868 1861 ordine
900 1791 1103 1883 requirere,

69 1894 167 1959 utrum
184 1886 220 1959 δι
232 1886 294 1980 ipss
311 1889 442 1963 animas
455 1891 630 1982 habeant,
667 1910 711 1961 an
729 1891 851 1960 animae
865 1888 953 1981 fint,
981 1891 1042 1961 vel
1059 1888 1106 1961 de

67 1986 184 2058 caruis
208 1987 340 2059 divinis
366 1990 630 2081 caelestibusque
662 1988 883 2081 virtutibus,
911 1984 970 2061 sed
999 1987 1105 2061 &de

127 2088 234 2159 trariis
261 2086 509 2178 potestatibus.
562 2086 824 2161 Audoritatem
848 2086 991 2178 quidem
1014 2086 1105 2159 divi·

64 2096 592 2373 ?cripturaeusquamnullam
603 2186 827 2278 invenimus,
855 2185 953 2281 quod
968 2186 1030 2259 vel
1044 2206 1105 2258 an·

96 2282 139 2375 li,
163 2286 226 2357 vel
242 2284 267 2357 fi
285 2285 345 2377 qui
364 2284 444 2359 sunt
466 2288 578 2361 divini
596 2286 735 2379 spiritus
753 2282 898 2359 ministri
915 2284 1011 2378 Dei,
1041 2284 1105 2359 vel

64 2380 177 2455 mimas
192 2382 345 2477 habere,
371 2388 432 2458 vel
446 2386 758 2461 animaedicantur:
785 2384 973 2457 animantia
982 2398 1104 2459 tamen

64 2476 117 2578 iiie
136 2504 157 2555 a
174 2485 439 2576 quamplurimis
458 2484 667 2560 sentiuntur.
719 2484 776 2557 Do
798 2484 881 2556 Deo
908 2498 1027 2557 autern
1050 2485 1104 2557 in·

64 2582 210 2655 Venimus
227 2580 394 2675 scriptum
407 2583 477 2658 effe
489 2588 555 2659 ita:
584 2584 630 2657 Ei
646 2606 762 2682 ponam
781 2588 919 2654 animam
939 2607 1038 2655 meam
1045 2584 1102 2673 Ju-

64 2686 99 2749 'rr
111 2686 253 2753 animam
268 2686 354 2754 illurn
371 2710 436 2782 qua
449 2690 691 2757 murmuraverit
702 2686 910 2777 sangrtr‘rrern,
945 2682 985 2761 ὅ
999 2685 1102 2755 erudi·

64 2780 114 2851 ub
128 2806 197 2853 eam
216 2784 252 2852 de
262 2784 439 2879 populosae
454 2838 466 2879 ,
489 2785 524 2859 &
541 2789 627 2858 item
644 2784 744 2857 alibi:
772 2788 962 2855 Neomenias
981 2782 1103 2879 velim

64 2866 222 2971 &sabbata
243 2879 282 2957 (5
297 2885 377 2953 diem
392 2910 534 2980 magnum
553 2902 705 2981 occeptum
720 2909 785 2953 nort
801 2885 903 2955 habeo.
959 2886 1102 2979 Jejunr'a

64 2968 201 3073 &feriar
213 2981 252 3057 (5
266 2986 331 3052 dies
339 2982 433 3081 festor
450 2986 564 3083 vestros
581 2988 646 3054 odi!
659 2990 769 3055 amima
782 3008 855 3053 mea.
907 2976 958 3053 Et
971 2982 1006 3054 in
1024 3002 1102 3057 xxr.

64 3080 176 3155 *salmo
197 3080 242 3154 de
262 3080 404 3157 Christo
427 3082 588 3181 (certum
607 3082 657 3156 est
675 3086 769 3155 enim
786 3083 867 3175 quia
883 3103 928 3154 ex
948 3079 1101 3175 personq

64 3180 145 3269 snus
162 3180 229 3253 iste
240 3178 390 3276 psalmus
408 3183 635 3276 adscribitur,
660 3183 750 3255 ficut
762 3178 996 3277 Evangelium
1013 3203 1102 3255 con.

64 3279 211 3377 estatur)
226 3282 278 3353 ita
293 3280 423 3357 distum
441 3284 491 3357 est
506 3306 515 3357 t
546 3280 598 3355 Tu
613 3302 716 3354 aurem
741 3288 877 3354 Domine
893 3307 934 3351 ne
948 3285 1033 3377 longe
1042 3283 1100 3375 fa·

64 3384 103 3455 'trs
121 3380 284 3481 auxilium
302 3399 418 3477 tuum,
451 3388 490 3457 nd
506 3385 706 3479 defensionem
723 3408 821 3453 meam
838 3384 967 3478 respice,
992 3408 1099 3456 eruca

64 3506 164 3555 rama
194 3486 283 3550 Deus
306 3488 445 3554 animam
468 3510 588 3574 mrum,
613 3484 653 3561 (ὅ
677 3487 712 3556 da
737 3489 949 3555 maurorum}
973 3492 1100 3555 unicam

64 3606 149 3656 uam.
203 3582 379 3679 Quamvis
398 3582 432 3655 δι
449 3589 561 3660 multa
582 3588 650 3661 alia
668 3585 736 3659 fint
751 3580 953 3657 testimonia
967 3582 1012 3658 de
1025 3584 1099 3657 ani·

64 3678 242 3759 rrChristi
258 3681 297 3753 in
316 3704 422 3755 carne
438 3685 555 3779 positi.
622 3769 627 3775 ,
691 3739 695 3747 -

83 3885 244 3979 origenis
271 3874 354 3958 Trrrr.
382 3866 489 3956 ms
634 3838 698 3967 'I'
739 3838 767 3874 Ἰ
921 3856 1106 3969 nied
