<?xml version="1.0" encoding="UTF-8"?>
<!DOCTYPE html PUBLIC "-//W3C//DTD XHTML 1.0 Transitional//EN"
    "http://www.w3.org/TR/xhtml1/DTD/xhtml1-transitional.dtd">
<html xmlns="http://www.w3.org/1999/xhtml" xml:lang="en" lang="en">
 <head>
  <title>
</title>
<meta http-equiv="Content-Type" content="text/html;charset=utf-8" />
  <meta name='ocr-system' content='tesseract 3.04.00' />
  <meta name='ocr-capabilities' content='ocr_page ocr_carea ocr_par ocr_line ocrx_word'/>
</head>
<body>
  <div class='ocr_page' id='page_1' title='image "./operaomniasanct08unkngoog_0131.png"; bbox 0 0 2498 4254; ppageno 0'>
   <div class='ocr_carea' id='block_1_1' title="bbox 218 178 1184 295">
    <p class='ocr_par' dir='ltr' id='par_1_1' title="bbox 218 178 1184 295">
     <span class='ocr_line' id='line_1_1' title="bbox 218 178 1184 295; baseline 0.008 -23"><span class='ocrx_word' id='word_1_1' title='bbox 218 192 298 273; x_wconf 80' lang='lat' dir='ltr'>ne</span> <span class='ocrx_word' id='word_1_2' title='bbox 346 190 689 288; x_wconf 77' lang='lat' dir='ltr'>aurucrrus,</span> <span class='ocrx_word' id='word_1_3' title='bbox 737 190 910 274; x_wconf 79' lang='lat' dir='ltr'>trau.</span> <span class='ocrx_word' id='word_1_4' title='bbox 1016 186 1086 295; x_wconf 56' lang='grc' dir='ltr'>ιφ</span> <span class='ocrx_word' id='word_1_5' title='bbox 1181 178 1184 183; x_wconf 84' lang='grc'><strong>’</strong></span> 
     </span>
    </p>
   </div>
   <div class='ocr_carea' id='block_1_2' title="bbox 54 352 1178 4013">
    <p class='ocr_par' dir='ltr' id='par_1_2' title="bbox 54 352 1178 2946">
     <span class='ocr_line' id='line_1_2' title="bbox 54 352 1086 453; baseline 0 -18"><span class='ocrx_word' id='word_1_6' title='bbox 54 352 151 435; x_wconf 76' lang='lat' dir='ltr'>ldisl&#39;e</span> <span class='ocrx_word' id='word_1_7' title='bbox 165 356 345 453; x_wconf 83' lang='lat' dir='ltr'>putandus</span> <span class='ocrx_word' id='word_1_8' title='bbox 370 354 441 449; x_wconf 90' lang='lat' dir='ltr'>est,</span> <span class='ocrx_word' id='word_1_9' title='bbox 466 375 542 428; x_wconf 90' lang='lat' dir='ltr'>non</span> <span class='ocrx_word' id='word_1_10' title='bbox 568 354 765 428; x_wconf 67' lang='lat' dir='ltr'>canalibus</span> <span class='ocrx_word' id='word_1_11' title='bbox 787 356 902 429; x_wconf 81' lang='lat' dir='ltr'>oculis</span> <span class='ocrx_word' id='word_1_12' title='bbox 927 376 1010 433; x_wconf 86' lang='lat' dir='ltr'>etun</span> <span class='ocrx_word' id='word_1_13' title='bbox 1032 359 1086 435; x_wconf 90' lang='lat' dir='ltr'>in·</span> 
     </span>
     <span class='ocr_line' id='line_1_3' title="bbox 54 452 1087 554; baseline 0.006 -23"><span class='ocrx_word' id='word_1_14' title='bbox 54 480 150 553; x_wconf 83' lang='lat' dir='ltr'>tens,</span> <span class='ocrx_word' id='word_1_15' title='bbox 177 457 238 531; x_wconf 85' lang='lat' dir='ltr'>sed</span> <span class='ocrx_word' id='word_1_16' title='bbox 253 454 332 551; x_wconf 77' lang='lat' dir='ltr'>visu</span> <span class='ocrx_word' id='word_1_17' title='bbox 345 454 465 529; x_wconf 85' lang='lat' dir='ltr'>cordis</span> <span class='ocrx_word' id='word_1_18' title='bbox 484 477 524 527; x_wconf 91' lang='lat' dir='ltr'>ac</span> <span class='ocrx_word' id='word_1_19' title='bbox 539 452 637 527; x_wconf 90' lang='lat' dir='ltr'>sensu</span> <span class='ocrx_word' id='word_1_20' title='bbox 655 455 782 528; x_wconf 84' lang='lat' dir='ltr'>mentis</span> <span class='ocrx_word' id='word_1_21' title='bbox 800 456 1023 554; x_wconf 79' lang='lat' dir='ltr'>intelligens,</span> <span class='ocrx_word' id='word_1_22' title='bbox 1049 460 1087 537; x_wconf 67' lang='lat' dir='ltr'>ot</span> 
     </span>
     <span class='ocr_line' id='line_1_4' title="bbox 54 541 1086 655; baseline 0 -24"><span class='ocrx_word' id='word_1_23' title='bbox 54 548 98 632; x_wconf 86' lang='lat' dir='ltr'>oc</span> <span class='ocrx_word' id='word_1_24' title='bbox 114 578 162 631; x_wconf 87' lang='lat' dir='ltr'>ex</span> <span class='ocrx_word' id='word_1_25' title='bbox 177 570 280 651; x_wconf 88' lang='lat' dir='ltr'>parte</span> <span class='ocrx_word' id='word_1_26' title='bbox 294 554 419 647; x_wconf 71' lang='lat' dir='ltr'>aliqua.</span> <span class='ocrx_word' id='word_1_27' title='bbox 457 541 686 629; x_wconf 83' lang='lat' dir='ltr'>Manifestum</span> <span class='ocrx_word' id='word_1_28' title='bbox 702 556 794 629; x_wconf 86' lang='lat' dir='ltr'>enirn</span> <span class='ocrx_word' id='word_1_29' title='bbox 808 554 858 629; x_wconf 92' lang='lat' dir='ltr'>est</span> <span class='ocrx_word' id='word_1_30' title='bbox 870 563 944 650; x_wconf 82' lang='lat' dir='ltr'>quia</span> <span class='ocrx_word' id='word_1_31' title='bbox 951 558 1086 655; x_wconf 68' lang='lat' dir='ltr'>faciem,</span> 
     </span>
     <span class='ocr_line' id='line_1_5' title="bbox 54 651 1087 751; baseline 0.013 -29"><span class='ocrx_word' id='word_1_32' title='bbox 54 659 164 750; x_wconf 70' lang='lat' dir='ltr'>aquit,</span> <span class='ocrx_word' id='word_1_33' title='bbox 189 681 287 727; x_wconf 65' lang='lat' dir='ltr'>aream</span> <span class='ocrx_word' id='word_1_34' title='bbox 301 682 368 727; x_wconf 82' lang='lat' dir='ltr'>non</span> <span class='ocrx_word' id='word_1_35' title='bbox 386 656 505 725; x_wconf 79' lang='lat' dir='ltr'>videbis</span> <span class='ocrx_word' id='word_1_36' title='bbox 529 651 684 750; x_wconf 89' lang='lat' dir='ltr'>(scilicet</span> <span class='ocrx_word' id='word_1_37' title='bbox 702 657 761 747; x_wconf 91' lang='lat' dir='ltr'>qui</span> <span class='ocrx_word' id='word_1_38' title='bbox 780 655 902 748; x_wconf 83' lang='lat' dir='ltr'>Moysi</span> <span class='ocrx_word' id='word_1_39' title='bbox 919 657 1087 751; x_wconf 86' lang='lat' dir='ltr'>responsa</span> 
     </span>
     <span class='ocr_line' id='line_1_6' title="bbox 54 754 1088 867; baseline 0.004 -38"><span class='ocrx_word' id='word_1_40' title='bbox 54 754 232 853; x_wconf 79' lang='lat' dir='ltr'>rubebat)</span> <span class='ocrx_word' id='word_1_41' title='bbox 244 760 291 839; x_wconf 75' lang='lat' dir='ltr'>led</span> <span class='ocrx_word' id='word_1_42' title='bbox 304 756 469 853; x_wconf 69' lang='lat' dir='ltr'>posteriora</span> <span class='ocrx_word' id='word_1_43' title='bbox 482 780 559 831; x_wconf 81' lang='lat' dir='ltr'>mea.</span> <span class='ocrx_word' id='word_1_44' title='bbox 610 756 836 867; x_wconf 84' lang='lat' dir='ltr'>Quaeutique</span> <span class='ocrx_word' id='word_1_45' title='bbox 851 776 931 828; x_wconf 88' lang='lat' dir='ltr'>cum</span> <span class='ocrx_word' id='word_1_46' title='bbox 946 781 992 832; x_wconf 92' lang='lat' dir='ltr'>eo</span> <span class='ocrx_word' id='word_1_47' title='bbox 1004 760 1088 833; x_wconf 89' lang='lat' dir='ltr'>sunt</span> 
     </span>
     <span class='ocr_line' id='line_1_7' title="bbox 54 852 1088 952; baseline 0.003 -23"><span class='ocrx_word' id='word_1_48' title='bbox 54 855 258 952; x_wconf 85' lang='lat' dir='ltr'>rtelligenda</span> <span class='ocrx_word' id='word_1_49' title='bbox 271 852 513 947; x_wconf 83' lang='lat' dir='ltr'>sacramento,</span> <span class='ocrx_word' id='word_1_50' title='bbox 539 874 612 944; x_wconf 91' lang='lat' dir='ltr'>quo</span> <span class='ocrx_word' id='word_1_51' title='bbox 636 853 785 949; x_wconf 79' lang='lat' dir='ltr'>intelligi</span> <span class='ocrx_word' id='word_1_52' title='bbox 804 857 1088 933; x_wconf 48' lang='lat' dir='ltr'>convenit‘dicta</span> 
     </span>
     <span class='ocr_line' id='line_1_8' title="bbox 54 951 1085 1048; baseline 0.004 -21"><span class='ocrx_word' id='word_1_53' title='bbox 54 952 163 1048; x_wconf 82' lang='lat' dir='ltr'>lvlna,</span> <span class='ocrx_word' id='word_1_54' title='bbox 189 952 333 1046; x_wconf 75' lang='lat' dir='ltr'>abJetlis</span> <span class='ocrx_word' id='word_1_55' title='bbox 348 953 515 1047; x_wconf 76' lang='lat' dir='ltr'>profecto</span> <span class='ocrx_word' id='word_1_56' title='bbox 535 954 602 1026; x_wconf 91' lang='lat' dir='ltr'>illis</span> <span class='ocrx_word' id='word_1_57' title='bbox 621 951 795 1045; x_wconf 84' lang='lat' dir='ltr'>&amp;spretis</span> <span class='ocrx_word' id='word_1_58' title='bbox 817 953 967 1028; x_wconf 82' lang='lat' dir='ltr'>anilibus</span> <span class='ocrx_word' id='word_1_59' title='bbox 985 956 1085 1031; x_wconf 85' lang='lat' dir='ltr'>fabu-</span> 
     </span>
     <span class='ocr_line' id='line_1_9' title="bbox 54 1052 1087 1147; baseline 0.003 -21"><span class='ocrx_word' id='word_1_60' title='bbox 54 1052 72 1127; x_wconf 83' lang='lat' dir='ltr'>lt</span> <span class='ocrx_word' id='word_1_61' title='bbox 86 1076 164 1147; x_wconf 86' lang='lat' dir='ltr'>quae</span> <span class='ocrx_word' id='word_1_62' title='bbox 184 1054 230 1127; x_wconf 80' lang='lat' dir='ltr'>‘de</span> <span class='ocrx_word' id='word_1_63' title='bbox 246 1055 485 1128; x_wconf 85' lang='lat' dir='ltr'>anterioribus</span> <span class='ocrx_word' id='word_1_64' title='bbox 507 1053 576 1125; x_wconf 91' lang='lat' dir='ltr'>Dei</span> <span class='ocrx_word' id='word_1_65' title='bbox 597 1053 640 1125; x_wconf 90' lang='lat' dir='ltr'>ab</span> <span class='ocrx_word' id='word_1_66' title='bbox 660 1053 855 1146; x_wconf 87' lang='lat' dir='ltr'>imperitis,</span> <span class='ocrx_word' id='word_1_67' title='bbox 880 1055 1087 1147; x_wconf 89' lang='lat' dir='ltr'>posteriori·</span> 
     </span>
     <span class='ocr_line' id='line_1_10' title="bbox 54 1150 1087 1249; baseline 0.001 -22"><span class='ocrx_word' id='word_1_68' title='bbox 54 1174 165 1247; x_wconf 73' lang='lat' dir='ltr'>usque</span> <span class='ocrx_word' id='word_1_69' title='bbox 189 1151 382 1249; x_wconf 85' lang='lat' dir='ltr'>finguntur.</span> <span class='ocrx_word' id='word_1_70' title='bbox 432 1152 564 1245; x_wconf 84' lang='lat' dir='ltr'><strong>Neque</strong></span> <span class='ocrx_word' id='word_1_71' title='bbox 585 1150 664 1225; x_wconf 89' lang='lat' dir='ltr'>sane</span> <span class='ocrx_word' id='word_1_72' title='bbox 679 1152 755 1243; x_wconf 90' lang='lat' dir='ltr'>quis</span> <span class='ocrx_word' id='word_1_73' title='bbox 775 1174 845 1226; x_wconf 90' lang='lat' dir='ltr'>nos</span> <span class='ocrx_word' id='word_1_74' title='bbox 865 1154 1011 1247; x_wconf 87' lang='lat' dir='ltr'>impium</span> <span class='ocrx_word' id='word_1_75' title='bbox 1026 1157 1087 1243; x_wconf 80' lang='lat' dir='ltr'>ali-</span> 
     </span>
     <span class='ocr_line' id='line_1_11' title="bbox 54 1250 1086 1351; baseline 0.001 -25"><span class='ocrx_word' id='word_1_76' title='bbox 54 1253 111 1343; x_wconf 81' lang='lat' dir='ltr'>[uid</span> <span class='ocrx_word' id='word_1_77' title='bbox 129 1250 266 1329; x_wconf 77' lang='lat' dir='ltr'>senlilie</span> <span class='ocrx_word' id='word_1_78' title='bbox 287 1254 508 1344; x_wconf 82' lang='lat' dir='ltr'>arbitretur,</span> <span class='ocrx_word' id='word_1_79' title='bbox 535 1252 634 1343; x_wconf 89' lang='lat' dir='ltr'>quod</span> <span class='ocrx_word' id='word_1_80' title='bbox 653 1251 804 1325; x_wconf 88' lang='lat' dir='ltr'><strong>diximus</strong></span> <span class='ocrx_word' id='word_1_81' title='bbox 824 1254 906 1344; x_wconf 90' lang='lat' dir='ltr'>quia</span> <span class='ocrx_word' id='word_1_82' title='bbox 928 1275 997 1326; x_wconf 92' lang='lat' dir='ltr'>nec</span> <span class='ocrx_word' id='word_1_83' title='bbox 1012 1254 1086 1351; x_wconf 80' lang='lat' dir='ltr'>Sal·</span> 
     </span>
     <span class='ocr_line' id='line_1_12' title="bbox 54 1351 1088 1446; baseline 0.002 -21"><span class='ocrx_word' id='word_1_84' title='bbox 54 1354 151 1425; x_wconf 81' lang='lat' dir='ltr'>atori</span> <span class='ocrx_word' id='word_1_85' title='bbox 169 1353 315 1427; x_wconf 80' lang='lat' dir='ltr'>visibilis</span> <span class='ocrx_word' id='word_1_86' title='bbox 337 1352 388 1426; x_wconf 91' lang='lat' dir='ltr'>est</span> <span class='ocrx_word' id='word_1_87' title='bbox 402 1366 528 1446; x_wconf 89' lang='lat' dir='ltr'>pater:</span> <span class='ocrx_word' id='word_1_88' title='bbox 555 1351 757 1425; x_wconf 84' lang='lat' dir='ltr'>confideret</span> <span class='ocrx_word' id='word_1_89' title='bbox 777 1354 871 1444; x_wconf 92' lang='lat' dir='ltr'>quali</span> <span class='ocrx_word' id='word_1_90' title='bbox 896 1352 1088 1427; x_wconf 77' lang='lat' dir='ltr'>distintlio·</span> 
     </span>
     <span class='ocr_line' id='line_1_13' title="bbox 54 1451 1085 1547; baseline -0.001 -20"><span class='ocrx_word' id='word_1_91' title='bbox 54 1472 76 1527; x_wconf 81' lang='lat' dir='ltr'>te</span> <span class='ocrx_word' id='word_1_92' title='bbox 103 1451 270 1525; x_wconf 86' lang='lat' dir='ltr'>adversus</span> <span class='ocrx_word' id='word_1_93' title='bbox 308 1452 498 1527; x_wconf 88' lang='lat' dir='ltr'>haereticos</span> <span class='ocrx_word' id='word_1_94' title='bbox 534 1466 677 1547; x_wconf 80' lang='lat' dir='ltr'>agentes</span> <span class='ocrx_word' id='word_1_95' title='bbox 716 1454 858 1527; x_wconf 91' lang='lat' dir='ltr'>utimur.</span> <span class='ocrx_word' id='word_1_96' title='bbox 918 1452 1085 1529; x_wconf 78' lang='lat' dir='ltr'><strong>Diximus</strong></span> 
     </span>
     <span class='ocr_line' id='line_1_14' title="bbox 54 1549 1087 1644; baseline 0.001 -20"><span class='ocrx_word' id='word_1_97' title='bbox 54 1550 121 1633; x_wconf 83' lang='lat' dir='ltr'>nim</span> <span class='ocrx_word' id='word_1_98' title='bbox 147 1553 247 1644; x_wconf 92' lang='lat' dir='ltr'>quod</span> <span class='ocrx_word' id='word_1_99' title='bbox 273 1552 368 1625; x_wconf 87' lang='lat' dir='ltr'>aliud</span> <span class='ocrx_word' id='word_1_100' title='bbox 390 1551 433 1625; x_wconf 87' lang='lat' dir='ltr'>fit</span> <span class='ocrx_word' id='word_1_101' title='bbox 458 1549 640 1623; x_wconf 86' lang='lat' dir='ltr'>videre&amp;</span> <span class='ocrx_word' id='word_1_102' title='bbox 664 1550 801 1642; x_wconf 87' lang='lat' dir='ltr'>videri,</span> <span class='ocrx_word' id='word_1_103' title='bbox 828 1550 863 1623; x_wconf 72' lang='grc' dir='ltr'>δι</span> <span class='ocrx_word' id='word_1_104' title='bbox 887 1552 981 1625; x_wconf 87' lang='lat' dir='ltr'>aliud</span> <span class='ocrx_word' id='word_1_105' title='bbox 1005 1550 1087 1625; x_wconf 87' lang='lat' dir='ltr'>nos·</span> 
     </span>
     <span class='ocr_line' id='line_1_15' title="bbox 54 1646 1087 1748; baseline 0.003 -27"><span class='ocrx_word' id='word_1_106' title='bbox 54 1646 113 1725; x_wconf 74' lang='lat' dir='ltr'>i&amp;</span> <span class='ocrx_word' id='word_1_107' title='bbox 135 1651 264 1745; x_wconf 89' lang='lat' dir='ltr'>nosci,</span> <span class='ocrx_word' id='word_1_108' title='bbox 291 1654 352 1724; x_wconf 88' lang='lat' dir='ltr'>vel</span> <span class='ocrx_word' id='word_1_109' title='bbox 373 1650 593 1745; x_wconf 87' lang='lat' dir='ltr'>cognoscere</span> <span class='ocrx_word' id='word_1_110' title='bbox 609 1664 716 1741; x_wconf 91' lang='lat' dir='ltr'>atque</span> <span class='ocrx_word' id='word_1_111' title='bbox 742 1650 923 1748; x_wconf 85' lang='lat' dir='ltr'><strong>cognosci.</strong></span> <span class='ocrx_word' id='word_1_112' title='bbox 972 1652 1087 1747; x_wconf 84' lang='lat' dir='ltr'>Igitur</span> 
     </span>
     <span class='ocr_line' id='line_1_16' title="bbox 54 1748 1086 1842; baseline 0.004 -21"><span class='ocrx_word' id='word_1_113' title='bbox 54 1748 152 1825; x_wconf 83' lang='lat' dir='ltr'>idere</span> <span class='ocrx_word' id='word_1_114' title='bbox 186 1751 222 1825; x_wconf 73' lang='grc' dir='ltr'>δι</span> <span class='ocrx_word' id='word_1_115' title='bbox 253 1750 368 1824; x_wconf 89' lang='lat' dir='ltr'>videri</span> <span class='ocrx_word' id='word_1_116' title='bbox 403 1769 599 1842; x_wconf 85' lang='lat' dir='ltr'>corporum</span> <span class='ocrx_word' id='word_1_117' title='bbox 631 1770 688 1823; x_wconf 92' lang='lat' dir='ltr'>res</span> <span class='ocrx_word' id='word_1_118' title='bbox 718 1749 793 1824; x_wconf 90' lang='lat' dir='ltr'>est:</span> <span class='ocrx_word' id='word_1_119' title='bbox 833 1751 932 1841; x_wconf 90' lang='lat' dir='ltr'>quod</span> <span class='ocrx_word' id='word_1_120' title='bbox 960 1753 1086 1842; x_wconf 84' lang='lat' dir='ltr'>utiquc</span> 
     </span>
     <span class='ocr_line' id='line_1_17' title="bbox 54 1848 1089 1941; baseline -0.005 -12"><span class='ocrx_word' id='word_1_121' title='bbox 54 1866 101 1929; x_wconf 76' lang='lat' dir='ltr'>loc</span> <span class='ocrx_word' id='word_1_122' title='bbox 126 1850 225 1925; x_wconf 89' lang='lat' dir='ltr'>Patri</span> <span class='ocrx_word' id='word_1_123' title='bbox 249 1871 316 1922; x_wconf 89' lang='lat' dir='ltr'>nec</span> <span class='ocrx_word' id='word_1_124' title='bbox 341 1848 417 1941; x_wconf 86' lang='lat' dir='ltr'>filio</span> <span class='ocrx_word' id='word_1_125' title='bbox 443 1871 512 1921; x_wconf 90' lang='lat' dir='ltr'>nec</span> <span class='ocrx_word' id='word_1_126' title='bbox 537 1849 683 1941; x_wconf 87' lang='lat' dir='ltr'>Spiritui</span> <span class='ocrx_word' id='word_1_127' title='bbox 708 1849 826 1921; x_wconf 73' lang='lat' dir='ltr'>santio</span> <span class='ocrx_word' id='word_1_128' title='bbox 857 1852 952 1924; x_wconf 91' lang='lat' dir='ltr'>inter</span> <span class='ocrx_word' id='word_1_129' title='bbox 977 1849 1012 1922; x_wconf 91' lang='lat' dir='ltr'>se</span> <span class='ocrx_word' id='word_1_130' title='bbox 1036 1853 1089 1924; x_wconf 91' lang='lat' dir='ltr'>in·</span> 
     </span>
     <span class='ocr_line' id='line_1_18' title="bbox 54 1946 1152 2044; baseline 0.003 -25"><span class='ocrx_word' id='word_1_131' title='bbox 54 1946 147 2027; x_wconf 80' lang='lat' dir='ltr'>ricem</span> <span class='ocrx_word' id='word_1_132' title='bbox 178 1963 430 2042; x_wconf 85' lang='lat' dir='ltr'>competenter</span> <span class='ocrx_word' id='word_1_133' title='bbox 448 1948 638 2044; x_wconf 89' lang='lat' dir='ltr'>aptabitur.</span> <span class='ocrx_word' id='word_1_134' title='bbox 691 1947 830 2020; x_wconf 88' lang='lat' dir='ltr'>Natura</span> <span class='ocrx_word' id='word_1_135' title='bbox 850 1950 944 2022; x_wconf 87' lang='lat' dir='ltr'>enim</span> <span class='ocrx_word' id='word_1_136' title='bbox 967 1948 1088 2022; x_wconf 89' lang='lat' dir='ltr'>Trini·</span> <span class='ocrx_word' id='word_1_137' title='bbox 1148 2002 1152 2009; x_wconf 86' lang='lat'>-</span> 
     </span>
     <span class='ocr_line' id='line_1_19' title="bbox 54 2046 1088 2141; baseline 0.002 -22"><span class='ocrx_word' id='word_1_138' title='bbox 54 2046 114 2123; x_wconf 70' lang='lat' dir='ltr'>aaa</span> <span class='ocrx_word' id='word_1_139' title='bbox 135 2050 285 2123; x_wconf 88' lang='lat' dir='ltr'>modum</span> <span class='ocrx_word' id='word_1_140' title='bbox 311 2048 455 2122; x_wconf 76' lang='lat' dir='ltr'>visionis</span> <span class='ocrx_word' id='word_1_141' title='bbox 484 2048 649 2139; x_wconf 82' lang='lat' dir='ltr'>excedit,</span> <span class='ocrx_word' id='word_1_142' title='bbox 685 2048 738 2119; x_wconf 91' lang='lat' dir='ltr'>his</span> <span class='ocrx_word' id='word_1_143' title='bbox 766 2068 843 2136; x_wconf 87' lang='lat' dir='ltr'>quae</span> <span class='ocrx_word' id='word_1_144' title='bbox 868 2050 902 2120; x_wconf 92' lang='lat' dir='ltr'>in</span> <span class='ocrx_word' id='word_1_145' title='bbox 929 2068 1088 2141; x_wconf 86' lang='lat' dir='ltr'>corpore</span> 
     </span>
     <span class='ocr_line' id='line_1_20' title="bbox 54 2140 1088 2241; baseline 0.001 -22"><span class='ocrx_word' id='word_1_146' title='bbox 54 2140 133 2241; x_wconf 76' lang='lat' dir='ltr'>unt,</span> <span class='ocrx_word' id='word_1_147' title='bbox 158 2147 197 2239; x_wconf 88' lang='lat' dir='ltr'>id</span> <span class='ocrx_word' id='word_1_148' title='bbox 215 2147 267 2222; x_wconf 90' lang='lat' dir='ltr'>est</span> <span class='ocrx_word' id='word_1_149' title='bbox 285 2149 448 2221; x_wconf 87' lang='lat' dir='ltr'>omnibus</span> <span class='ocrx_word' id='word_1_150' title='bbox 462 2148 606 2238; x_wconf 87' lang='lat' dir='ltr'>reliquis</span> <span class='ocrx_word' id='word_1_151' title='bbox 624 2147 795 2220; x_wconf 86' lang='lat' dir='ltr'>creaturis</span> <span class='ocrx_word' id='word_1_152' title='bbox 817 2148 1021 2238; x_wconf 86' lang='lat' dir='ltr'>qualitatem</span> <span class='ocrx_word' id='word_1_153' title='bbox 1035 2148 1088 2220; x_wconf 92' lang='lat' dir='ltr'>in·</span> 
     </span>
     <span class='ocr_line' id='line_1_21' title="bbox 54 2243 1088 2343; baseline 0 -24"><span class='ocrx_word' id='word_1_154' title='bbox 54 2266 89 2319; x_wconf 81' lang='lat' dir='ltr'>er</span> <span class='ocrx_word' id='word_1_155' title='bbox 103 2243 138 2321; x_wconf 90' lang='lat' dir='ltr'>se</span> <span class='ocrx_word' id='word_1_156' title='bbox 163 2248 321 2321; x_wconf 87' lang='lat' dir='ltr'>invicem</span> <span class='ocrx_word' id='word_1_157' title='bbox 344 2247 489 2321; x_wconf 78' lang='lat' dir='ltr'>visionis</span> <span class='ocrx_word' id='word_1_158' title='bbox 509 2246 713 2343; x_wconf 82' lang='lat' dir='ltr'>indulgens3</span> <span class='ocrx_word' id='word_1_159' title='bbox 745 2247 972 2339; x_wconf 88' lang='lat' dir='ltr'>incorporeae</span> <span class='ocrx_word' id='word_1_160' title='bbox 994 2267 1088 2319; x_wconf 85' lang='lat' dir='ltr'>uero</span> 
     </span>
     <span class='ocr_line' id='line_1_22' title="bbox 54 2346 1089 2441; baseline 0.002 -24"><span class='ocrx_word' id='word_1_161' title='bbox 54 2358 165 2420; x_wconf 85' lang='lat' dir='ltr'>taturae</span> <span class='ocrx_word' id='word_1_162' title='bbox 182 2348 473 2441; x_wconf 89' lang='lat' dir='ltr'>&amp;principaliter</span> <span class='ocrx_word' id='word_1_163' title='bbox 497 2346 750 2437; x_wconf 73' lang='lat' dir='ltr'>intellectuali,</span> <span class='ocrx_word' id='word_1_164' title='bbox 778 2346 866 2419; x_wconf 91' lang='lat' dir='ltr'>nihil</span> <span class='ocrx_word' id='word_1_165' title='bbox 887 2347 980 2418; x_wconf 89' lang='lat' dir='ltr'>aliud</span> <span class='ocrx_word' id='word_1_166' title='bbox 1002 2366 1089 2419; x_wconf 91' lang='lat' dir='ltr'>con·</span> 
     </span>
     <span class='ocr_line' id='line_1_23' title="bbox 54 2444 1178 2542; baseline 0.005 -27"><span class='ocrx_word' id='word_1_167' title='bbox 54 2446 209 2521; x_wconf 77' lang='lat' dir='ltr'>teuitnifi</span> <span class='ocrx_word' id='word_1_168' title='bbox 224 2445 324 2519; x_wconf 76' lang='lat' dir='ltr'>nolle</span> <span class='ocrx_word' id='word_1_169' title='bbox 341 2449 403 2520; x_wconf 90' lang='lat' dir='ltr'>vel</span> <span class='ocrx_word' id='word_1_170' title='bbox 418 2445 539 2538; x_wconf 91' lang='lat' dir='ltr'>nosci,</span> <span class='ocrx_word' id='word_1_171' title='bbox 564 2446 653 2520; x_wconf 88' lang='lat' dir='ltr'>ficut</span> <span class='ocrx_word' id='word_1_172' title='bbox 672 2447 707 2520; x_wconf 71' lang='grc' dir='ltr'>δι</span> <span class='ocrx_word' id='word_1_173' title='bbox 726 2444 894 2519; x_wconf 87' lang='lat' dir='ltr'>Salvator</span> <span class='ocrx_word' id='word_1_174' title='bbox 913 2446 986 2542; x_wconf 88' lang='lat' dir='ltr'>ipse</span> <span class='ocrx_word' id='word_1_175' title='bbox 1004 2465 1091 2539; x_wconf 91' lang='lat' dir='ltr'>pro·</span> <span class='ocrx_word' id='word_1_176' title='bbox 1175 2516 1178 2521; x_wconf 86' lang='lat'>.</span> 
     </span>
     <span class='ocr_line' id='line_1_24' title="bbox 54 2546 1092 2643; baseline -0.002 -24"><span class='ocrx_word' id='word_1_177' title='bbox 54 2547 179 2620; x_wconf 74' lang='lat' dir='ltr'>luticiat</span> <span class='ocrx_word' id='word_1_178' title='bbox 192 2546 337 2639; x_wconf 73' lang='lat' dir='ltr'>dicent,</span> <span class='ocrx_word' id='word_1_179' title='bbox 362 2547 445 2638; x_wconf 84' lang='lat' dir='ltr'>quia</span> <span class='ocrx_word' id='word_1_180' title='bbox 459 2571 546 2616; x_wconf 84' lang='lat' dir='ltr'>nemo</span> <span class='ocrx_word' id='word_1_181' title='bbox 558 2546 770 2636; x_wconf 71' lang='lat' dir='ltr'>mviessltum</span> <span class='ocrx_word' id='word_1_182' title='bbox 785 2546 843 2643; x_wconf 80' lang='lat' dir='ltr'>m&#39;fi</span> <span class='ocrx_word' id='word_1_183' title='bbox 854 2562 969 2643; x_wconf 82' lang='lat' dir='ltr'>pater,</span> <span class='ocrx_word' id='word_1_184' title='bbox 993 2568 1092 2643; x_wconf 78' lang='lat' dir='ltr'>neque</span> 
     </span>
     <span class='ocr_line' id='line_1_25' title="bbox 54 2645 1092 2741; baseline -0.006 -24"><span class='ocrx_word' id='word_1_185' title='bbox 54 2660 152 2719; x_wconf 73' lang='lat' dir='ltr'>errem</span> <span class='ocrx_word' id='word_1_186' title='bbox 171 2652 242 2741; x_wconf 84' lang='lat' dir='ltr'>quis</span> <span class='ocrx_word' id='word_1_187' title='bbox 259 2652 354 2718; x_wconf 79' lang='lat' dir='ltr'>novit</span> <span class='ocrx_word' id='word_1_188' title='bbox 371 2648 433 2741; x_wconf 79' lang='lat' dir='ltr'>rrifi</span> <span class='ocrx_word' id='word_1_189' title='bbox 448 2647 566 2738; x_wconf 76' lang='lat' dir='ltr'>filius,</span> <span class='ocrx_word' id='word_1_190' title='bbox 595 2645 634 2720; x_wconf 60' lang='grc' dir='ltr'><em>ὅ</em></span> <span class='ocrx_word' id='word_1_191' title='bbox 654 2651 705 2715; x_wconf 85' lang='lat' dir='ltr'>rui</span> <span class='ocrx_word' id='word_1_192' title='bbox 726 2646 866 2717; x_wconf 81' lang='lat' dir='ltr'>voluerit</span> <span class='ocrx_word' id='word_1_193' title='bbox 880 2646 978 2738; x_wconf 77' lang='lat' dir='ltr'>filius</span> <span class='ocrx_word' id='word_1_194' title='bbox 1000 2671 1092 2717; x_wconf 83' lang='lat' dir='ltr'>reue.</span> 
     </span>
     <span class='ocr_line' id='line_1_26' title="bbox 54 2743 1094 2842; baseline 0.003 -26"><span class='ocrx_word' id='word_1_195' title='bbox 54 2768 109 2817; x_wconf 76' lang='lat' dir='ltr'>rra.</span> <span class='ocrx_word' id='word_1_196' title='bbox 161 2744 391 2822; x_wconf 85' lang='lat' dir='ltr'>Manifestum</span> <span class='ocrx_word' id='word_1_197' title='bbox 411 2767 498 2842; x_wconf 86' lang='lat' dir='ltr'>ergo</span> <span class='ocrx_word' id='word_1_198' title='bbox 514 2743 565 2818; x_wconf 92' lang='lat' dir='ltr'>est</span> <span class='ocrx_word' id='word_1_199' title='bbox 584 2748 755 2837; x_wconf 88' lang='lat' dir='ltr'>quianon</span> <span class='ocrx_word' id='word_1_200' title='bbox 770 2746 882 2839; x_wconf 88' lang='lat' dir='ltr'>dixit,</span> <span class='ocrx_word' id='word_1_201' title='bbox 906 2766 1019 2819; x_wconf 86' lang='lat' dir='ltr'>nemo</span> <span class='ocrx_word' id='word_1_202' title='bbox 1038 2745 1094 2819; x_wconf 87' lang='lat' dir='ltr'>vi·</span> 
     </span>
     <span class='ocr_line' id='line_1_27' title="bbox 54 2842 1093 2946; baseline -0.004 -27"><span class='ocrx_word' id='word_1_203' title='bbox 54 2842 235 2942; x_wconf 81' lang='lat' dir='ltr'>litpatrem</span> <span class='ocrx_word' id='word_1_204' title='bbox 250 2846 312 2919; x_wconf 83' lang='lat' dir='ltr'>nist</span> <span class='ocrx_word' id='word_1_205' title='bbox 332 2844 448 2939; x_wconf 77' lang='lat' dir='ltr'>filiu8,</span> <span class='ocrx_word' id='word_1_206' title='bbox 474 2844 532 2917; x_wconf 87' lang='lat' dir='ltr'>sed</span> <span class='ocrx_word' id='word_1_207' title='bbox 550 2870 636 2915; x_wconf 79' lang='lat' dir='ltr'>nemo</span> <span class='ocrx_word' id='word_1_208' title='bbox 654 2850 750 2916; x_wconf 79' lang='lat' dir='ltr'>nouit</span> <span class='ocrx_word' id='word_1_209' title='bbox 765 2863 889 2939; x_wconf 82' lang='lat' dir='ltr'>patrem</span> <span class='ocrx_word' id='word_1_210' title='bbox 910 2848 970 2939; x_wconf 82' lang='lat' dir='ltr'>m&#39;fi</span> <span class='ocrx_word' id='word_1_211' title='bbox 990 2848 1093 2946; x_wconf 53' lang='lat' dir='ltr'>filius,</span> 
     </span>
    </p>

    <p class='ocr_par' dir='ltr' id='par_1_3' title="bbox 54 2944 1101 3953">
     <span class='ocr_line' id='line_1_28' title="bbox 106 2944 1093 3039; baseline 0 -20"><span class='ocrx_word' id='word_1_212' title='bbox 106 2972 142 3037; x_wconf 86' lang='lat'>4.</span> <span class='ocrx_word' id='word_1_213' title='bbox 167 2944 205 3019; x_wconf 87' lang='lat' dir='ltr'>Si</span> <span class='ocrx_word' id='word_1_214' title='bbox 230 2966 323 3019; x_wconf 90' lang='lat' dir='ltr'>vero</span> <span class='ocrx_word' id='word_1_215' title='bbox 353 2959 504 3039; x_wconf 91' lang='lat' dir='ltr'>propter</span> <span class='ocrx_word' id='word_1_216' title='bbox 530 2946 693 3037; x_wconf 75' lang='lat' dir='ltr'>illaque</span> <span class='ocrx_word' id='word_1_217' title='bbox 721 2944 890 3019; x_wconf 87' lang='lat' dir='ltr'>dicuntur</span> <span class='ocrx_word' id='word_1_218' title='bbox 913 2946 949 3018; x_wconf 91' lang='lat' dir='ltr'>in</span> <span class='ocrx_word' id='word_1_219' title='bbox 975 2945 1093 3019; x_wconf 85' lang='lat' dir='ltr'>veteri</span> 
     </span>
     <span class='ocr_line' id='line_1_29' title="bbox 54 3042 1093 3137; baseline 0 -16"><span class='ocrx_word' id='word_1_220' title='bbox 54 3042 290 3137; x_wconf 81' lang='lat' dir='ltr'>lestamento,</span> <span class='ocrx_word' id='word_1_221' title='bbox 324 3045 422 3137; x_wconf 87' lang='lat' dir='ltr'>quod</span> <span class='ocrx_word' id='word_1_222' title='bbox 448 3043 606 3117; x_wconf 87' lang='lat' dir='ltr'>irascitur</span> <span class='ocrx_word' id='word_1_223' title='bbox 625 3044 729 3117; x_wconf 84' lang='lat' dir='ltr'>Deus</span> <span class='ocrx_word' id='word_1_224' title='bbox 744 3047 807 3119; x_wconf 91' lang='lat' dir='ltr'>vel</span> <span class='ocrx_word' id='word_1_225' title='bbox 831 3046 1004 3137; x_wconf 75' lang='lat' dir='ltr'>penitet,</span> <span class='ocrx_word' id='word_1_226' title='bbox 1026 3044 1093 3121; x_wconf 85' lang='lat' dir='ltr'>vel</span> 
     </span>
     <span class='ocr_line' id='line_1_30' title="bbox 54 3142 1095 3240; baseline -0.001 -21"><span class='ocrx_word' id='word_1_227' title='bbox 54 3145 140 3237; x_wconf 88' lang='lat' dir='ltr'>iqua</span> <span class='ocrx_word' id='word_1_228' title='bbox 153 3146 220 3217; x_wconf 89' lang='lat' dir='ltr'>alia</span> <span class='ocrx_word' id='word_1_229' title='bbox 234 3145 376 3217; x_wconf 89' lang='lat' dir='ltr'>humani</span> <span class='ocrx_word' id='word_1_230' title='bbox 391 3142 535 3218; x_wconf 68' lang='lat' dir='ltr'>affectus</span> <span class='ocrx_word' id='word_1_231' title='bbox 550 3144 659 3237; x_wconf 79' lang='lat' dir='ltr'>pauo</span> <span class='ocrx_word' id='word_1_232' title='bbox 671 3144 883 3240; x_wconf 83' lang='lat' dir='ltr'>defignatur,</span> <span class='ocrx_word' id='word_1_233' title='bbox 909 3144 1095 3219; x_wconf 69' lang='lat' dir='ltr'>materiam</span> 
     </span>
     <span class='ocr_line' id='line_1_31' title="bbox 54 3242 1094 3339; baseline -0.005 -20"><span class='ocrx_word' id='word_1_234' title='bbox 54 3246 95 3319; x_wconf 88' lang='lat' dir='ltr'>ibi</span> <span class='ocrx_word' id='word_1_235' title='bbox 112 3246 157 3318; x_wconf 90' lang='lat' dir='ltr'>ad</span> <span class='ocrx_word' id='word_1_236' title='bbox 181 3244 423 3317; x_wconf 86' lang='lat' dir='ltr'>confutandos</span> <span class='ocrx_word' id='word_1_237' title='bbox 449 3265 518 3316; x_wconf 88' lang='lat' dir='ltr'>nos</span> <span class='ocrx_word' id='word_1_238' title='bbox 542 3245 691 3336; x_wconf 85' lang='lat' dir='ltr'>praeberi</span> <span class='ocrx_word' id='word_1_239' title='bbox 705 3258 854 3339; x_wconf 85' lang='lat' dir='ltr'>putant,</span> <span class='ocrx_word' id='word_1_240' title='bbox 881 3242 1094 3316; x_wconf 78' lang='lat' dir='ltr'>affinnantes</span> 
     </span>
     <span class='ocr_line' id='line_1_32' title="bbox 54 3343 1096 3437; baseline -0.004 -19"><span class='ocrx_word' id='word_1_241' title='bbox 54 3346 176 3418; x_wconf 70' lang='lat' dir='ltr'>lenitus</span> <span class='ocrx_word' id='word_1_242' title='bbox 195 3343 432 3437; x_wconf 79' lang='lat' dir='ltr'>impassibilem</span> <span class='ocrx_word' id='word_1_243' title='bbox 453 3344 594 3436; x_wconf 88' lang='lat' dir='ltr'>Deum,</span> <span class='ocrx_word' id='word_1_244' title='bbox 622 3347 729 3434; x_wconf 88' lang='lat' dir='ltr'>atque</span> <span class='ocrx_word' id='word_1_245' title='bbox 752 3344 807 3415; x_wconf 84' lang='lat' dir='ltr'>his</span> <span class='ocrx_word' id='word_1_246' title='bbox 831 3344 997 3416; x_wconf 85' lang='lat' dir='ltr'>omnibus</span> <span class='ocrx_word' id='word_1_247' title='bbox 1019 3362 1096 3414; x_wconf 87' lang='lat' dir='ltr'>car·-</span> 
     </span>
     <span class='ocr_line' id='line_1_33' title="bbox 54 3441 1097 3519; baseline -0.004 0"><span class='ocrx_word' id='word_1_248' title='bbox 54 3460 155 3519; x_wconf 72' lang='lat' dir='ltr'>tntem</span> <span class='ocrx_word' id='word_1_249' title='bbox 183 3442 367 3517; x_wconf 75' lang='lat' dir='ltr'>affectibus</span> <span class='ocrx_word' id='word_1_250' title='bbox 400 3442 640 3516; x_wconf 84' lang='lat' dir='ltr'>sentiendum:</span> <span class='ocrx_word' id='word_1_251' title='bbox 673 3442 930 3517; x_wconf 84' lang='lat' dir='ltr'>ostendendum</span> <span class='ocrx_word' id='word_1_252' title='bbox 962 3441 1012 3515; x_wconf 88' lang='lat' dir='ltr'>est</span> <span class='ocrx_word' id='word_1_253' title='bbox 1043 3442 1097 3515; x_wconf 80' lang='lat' dir='ltr'>eia</span> 
     </span>
     <span class='ocr_line' id='line_1_34' title="bbox 54 3542 1096 3638; baseline -0.005 -21"><span class='ocrx_word' id='word_1_254' title='bbox 54 3545 188 3617; x_wconf 76' lang='lat' dir='ltr'>etiamin</span> <span class='ocrx_word' id='word_1_255' title='bbox 201 3544 418 3638; x_wconf 87' lang='lat' dir='ltr'>evangelicis</span> <span class='ocrx_word' id='word_1_256' title='bbox 435 3542 613 3635; x_wconf 87' lang='lat' dir='ltr'>parabolis</span> <span class='ocrx_word' id='word_1_257' title='bbox 628 3544 751 3616; x_wconf 87' lang='lat' dir='ltr'>haberi</span> <span class='ocrx_word' id='word_1_258' title='bbox 765 3542 886 3616; x_wconf 82' lang='lat' dir='ltr'>finilia</span> <span class='ocrx_word' id='word_1_259' title='bbox 898 3562 981 3617; x_wconf 87' lang='lat' dir='ltr'>cum</span> <span class='ocrx_word' id='word_1_260' title='bbox 994 3542 1096 3633; x_wconf 86' lang='lat' dir='ltr'>dicit,</span> 
     </span>
     <span class='ocr_line' id='line_1_35' title="bbox 54 3639 1098 3737; baseline -0.006 -22"><span class='ocrx_word' id='word_1_261' title='bbox 54 3645 120 3735; x_wconf 68' lang='lat' dir='ltr'>poia</span> <span class='ocrx_word' id='word_1_262' title='bbox 137 3644 167 3717; x_wconf 90' lang='lat' dir='ltr'>is</span> <span class='ocrx_word' id='word_1_263' title='bbox 182 3643 241 3734; x_wconf 91' lang='lat' dir='ltr'>qui</span> <span class='ocrx_word' id='word_1_264' title='bbox 258 3643 435 3737; x_wconf 86' lang='lat' dir='ltr'>plantavit</span> <span class='ocrx_word' id='word_1_265' title='bbox 450 3643 613 3735; x_wconf 87' lang='lat' dir='ltr'>vineam,</span> <span class='ocrx_word' id='word_1_266' title='bbox 641 3642 674 3714; x_wconf 76' lang='grc' dir='ltr'>δι</span> <span class='ocrx_word' id='word_1_267' title='bbox 691 3642 831 3714; x_wconf 86' lang='lat' dir='ltr'>locavit</span> <span class='ocrx_word' id='word_1_268' title='bbox 849 3665 926 3715; x_wconf 87' lang='lat' dir='ltr'>earn</span> <span class='ocrx_word' id='word_1_269' title='bbox 939 3639 1098 3729; x_wconf 76' lang='lat' dir='ltr'>colonia,</span> 
     </span>
     <span class='ocr_line' id='line_1_36' title="bbox 54 3737 1101 3833; baseline -0.006 -19"><span class='ocrx_word' id='word_1_270' title='bbox 54 3744 101 3833; x_wconf 83' lang='lat' dir='ltr'>pri</span> <span class='ocrx_word' id='word_1_271' title='bbox 119 3742 240 3815; x_wconf 91' lang='lat' dir='ltr'>coloni</span> <span class='ocrx_word' id='word_1_272' title='bbox 259 3741 379 3815; x_wconf 83' lang='lat' dir='ltr'>millos</span> <span class='ocrx_word' id='word_1_273' title='bbox 400 3742 442 3814; x_wconf 90' lang='lat' dir='ltr'>ad</span> <span class='ocrx_word' id='word_1_274' title='bbox 463 3740 496 3815; x_wconf 83' lang='lat' dir='ltr'>se</span> <span class='ocrx_word' id='word_1_275' title='bbox 516 3741 640 3815; x_wconf 89' lang='lat' dir='ltr'>servos</span> <span class='ocrx_word' id='word_1_276' title='bbox 655 3743 930 3832; x_wconf 84' lang='lat' dir='ltr'>interemerunt,</span> <span class='ocrx_word' id='word_1_277' title='bbox 959 3740 1003 3812; x_wconf 81' lang='lat' dir='ltr'>acl</span> <span class='ocrx_word' id='word_1_278' title='bbox 1017 3737 1101 3809; x_wconf 89' lang='lat' dir='ltr'>ulti·</span> 
     </span>
     <span class='ocr_line' id='line_1_37' title="bbox 54 3835 1101 3953; baseline -0.003 -36"><span class='ocrx_word' id='word_1_279' title='bbox 54 3863 137 3921; x_wconf 89' lang='lat' dir='ltr'>num</span> <span class='ocrx_word' id='word_1_280' title='bbox 152 3844 259 3919; x_wconf 89' lang='lat' dir='ltr'>etiarn</span> <span class='ocrx_word' id='word_1_281' title='bbox 272 3840 385 3921; x_wconf 84' lang='lat' dir='ltr'>filiurn</span> <span class='ocrx_word' id='word_1_282' title='bbox 399 3841 444 3917; x_wconf 89' lang='lat' dir='ltr'>ad</span> <span class='ocrx_word' id='word_1_283' title='bbox 463 3840 647 3947; x_wconf 77' lang='lat' dir='ltr'>seruilium</span> <span class='ocrx_word' id='word_1_284' title='bbox 666 3840 901 3937; x_wconf 80' lang='lat' dir='ltr'>occiderunt,</span> <span class='ocrx_word' id='word_1_285' title='bbox 922 3845 1032 3953; x_wconf 68' lang='lat' dir='ltr'>uatus</span> <span class='ocrx_word' id='word_1_286' title='bbox 1048 3835 1101 3914; x_wconf 84' lang='lat' dir='ltr'>‹li-</span> 
     </span>
    </p>

    <p class='ocr_par' dir='ltr' id='par_1_4' title="bbox 957 3949 1050 4013">
     <span class='ocr_line' id='line_1_38' title="bbox 957 3949 1050 4013; baseline 0 0"><span class='ocrx_word' id='word_1_287' title='bbox 957 3949 1050 4013; x_wconf 81' lang='lat' dir='ltr'>erun</span> 
     </span>
    </p>
   </div>
   <div class='ocr_carea' id='block_1_3' title="bbox 0 0 1256 4254">
    <p class='ocr_par' dir='ltr' id='par_1_5' title="bbox 0 0 1256 4254">
     <span class='ocr_line' id='line_1_39' title="bbox 0 0 1256 4254; baseline 0 0"><span class='ocrx_word' id='word_1_288' title='bbox 0 0 1256 4254; x_wconf 95' lang='lat' dir='ltr'> </span> 
     </span>
    </p>
   </div>
  </div>
 </body>
</html>
