2498 4254
229 206 309 289 ne
356 206 703 305 intuentis,
751 202 925 290 trun
1035 180 1108 303 t'os'

68 376 121 447 uro
142 394 206 445 meo
227 373 393 465 tuiseruio
415 378 453 443 in
467 374 587 467 spiritu
606 396 669 443 meo
690 376 856 471 oproour‘s
880 376 956 444 meir
972 376 1009 445 in
1032 382 1111 447 cond

68 474 182 557 {tentia
206 498 309 575 μναῖ·
348 472 500 547 dilucide
525 470 680 546 ostendit
702 473 875 565 quianon
894 472 937 546 ad
954 474 1121 568 uliquetu⁴

68 592 190 647 rovum
204 572 338 666 Deum,
365 570 423 645 sed
438 572 482 645 ad
496 570 669 645 Christum
682 576 834 648 venerit.
886 574 991 671 Quos
1010 576 1106 652 enim
1165 658 1168 667 ,

68 672 139 745 lios
169 692 331 764 proavos
357 672 454 745 Pauli
481 671 667 764 oportebit
686 670 858 770 intelligi,
883 672 946 747 nist
968 696 1032 747 eos
1058 675 1104 761 de

68 770 263 866 {uibusipse
281 771 388 844 dicit:
422 772 545 842 Hetrar
557 770 660 864 sunt,
684 772 723 846 (5
736 796 806 865 ego:
843 770 1103 865 israelitarum,

68 868 168 963 rego.
219 869 288 944 Sed
310 870 523 965 &praesatio
542 868 613 964 ipsa
633 871 789 963 epistolae
812 873 887 965 ejus
909 871 952 945 ad
971 872 1104 946 Rotna-

68 988 119 1043 1os
137 990 262 1043 nonne
281 972 356 1067 haec
371 970 494 1043 eadem
511 970 564 1042 his
580 970 638 1062 qui
656 972 854 1068 intelligere
872 970 968 1042 Pauli
983 974 1104 1047 literas

68 1082 205 1161 terunt,
243 1069 429 1165 diligenter
465 1069 647 1164 ostendet,
686 1076 791 1163 quent¹
827 1072 946 1143 Deutn
975 1070 1103 1145 Paulus

68 1167 247 1259 ltaedicat?
273 1166 340 1240 Ait
354 1172 466 1243 enirn:
494 1172 612 1241 Paulus
621 1169 733 1258 lituus
751 1170 831 1267 Josu
846 1170 965 1266 corpu
976 1189 1105 1242 anatur

68 1270 229 1365 spossoiur,
254 1270 423 1363 segregatus
443 1273 480 1341 in
498 1271 713 1365 Euangelium
731 1276 793 1342 Dei
805 1271 885 1368 quad
897 1287 973 1341 ante
987 1276 1103 1367 promi·

68 1366 134 1439 'erat
152 1389 211 1464 per
223 1370 393 1467 propbetas
406 1371 480 1456 suos
501 1375 538 1439 in
553 1370 726 1466 scripturis
742 1368 867 1458 strniiis
887 1373 921 1440 de
930 1372 1003 1461 filio
1020 1373 1103 1462 suo,

68 1464 279 1566 puisat'iurtfl
302 1472 332 1539 ti
355 1470 528 1557 exsemine
554 1472 667 1541 Dauid
685 1468 855 1559 secundum
880 1494 1023 1555 carnem,
1048 1474 1104 1570 qui

68 1570 143 1639 *rade
167 1572 276 1638 inatus
300 1568 341 1667 esi
356 1570 453 1659 filius
475 1573 541 1643 Dei
559 1574 597 1641 r'n
618 1576 748 1642 uirtute
764 1571 930 1660 secundum
945 1570 1103 1667 spiritum

68 1664 309 1759 'uniir'flcatiunis
341 1694 379 1739 ex
404 1666 625 1757 resurreiiionr
657 1687 848 1740 mortuarum
876 1672 995 1768 Chrusli
1022 1672 1104 1768 Jefu

68 1770 186 1839 Domini
199 1769 312 1859 nafiri,
327 1766 389 1845 (ic.
415 1767 486 1841 Sed
500 1769 633 1843 &illud
651 1770 823 1863 quodait:
847 1774 926 1841 Non
943 1770 1118 1846 obturabit?

68 1867 166 1937 ulrui
183 1872 385 1939 trituranti:
411 1872 564 1966 numquid
589 1872 624 1939 de
647 1869 735 1940 bobus
758 1870 899 1964 curuesl
930 1866 1020 1941 neo?
1045 1874 1101 1942 An

68 1984 166 2063 tropter
184 1992 238 2039 nar
264 1966 495 2065 uriquedicit?
524 1970 656 2065 Propter
680 1993 735 2037 nor
751 1976 838 2037 eninr
862 1970 1012 2065 [criptum
1037 1972 1097 2061 ιβ,

68 2072 122 2161 puio
135 2072 171 2138 in
180 2068 236 2164 spe
249 2069 335 2139 delet
358 2074 413 2164 qui
436 2084 510 2140 orat
533 2094 645 2154 arare,
671 2065 710 2143 (5
735 2072 790 2164 qui
814 2073 954 2138 triturat
972 2068 1033 2155 sub.
1055 2068 1103 2163 spa

68 2162 173 2238 'rullus
203 2171 398 2263 percipiendi.
451 2167 492 2241 In
527 2189 600 2260 quo
627 2168 816 2240 evidenter
841 2166 996 2239 ostendit
1021 2168 1103 2260 quia
1170 2260 1173 2265 4

68 2266 236 2361 puilegetn
254 2268 351 2340 dedit
373 2268 499 2361 Deus,
521 2282 674 2361 propter
699 2288 790 2359 nos,
815 2266 852 2339 id
877 2264 927 2340 est
950 2276 1102 2365 propter

68 2358 246 2457 ipostolos
267 2367 371 2440 dicit:
400 2373 478 2438 Non
502 2368 658 2439 obturabis
677 2393 709 2436 ns
727 2368 800 2437 boui
821 2372 1017 2437 trituranti:
1045 2367 1104 2441 cui

68 2480 131 2537 :uta
156 2480 233 2537 erat
255 2488 331 2542 non
356 2469 489 2559 bourn,
515 2464 575 2540 sed
599 2464 862 2560 Apostolorum
888 2466 957 2558 qui·
973 2465 1103 2540 Christi

68 2566 268 2660 euangelium
286 2566 536 2657 praedicabant.
587 2565 628 2638 ln
646 2566 721 2639 aliis
741 2586 884 2658 quoque
907 2566 1103 2662 promissio·

68 2680 127 2737 tun
144 2666 233 2759 legis
260 2665 472 2758 amplectens
492 2664 620 2737 Paulus
637 2664 709 2757 ipse
727 2665 778 2736 ita
800 2664 867 2741 ait:
897 2668 1028 2737 idunan
1042 2687 1103 2762 pa.

68 2772 126 2833 lrun
143 2780 235 2834 tuum
253 2763 292 2839 (5
309 2783 460 2851 matrem,
486 2766 563 2861 quod
577 2764 617 2861 esi
631 2766 817 2836 mandatum
836 2768 972 2858 primum
983 2771 1021 2835 r'n
1029 2786 1103 2863 pro·

68 2859 183 2951 uffirne
199 2879 239 2934 ut
252 2863 327 2938 bene
339 2865 384 2963 fit
399 2864 469 2947 tibi,
495 2863 533 2941 (Ἰ
550 2866 705 2958 lutgaeuus
716 2866 811 2960 firper
826 2880 944 2935 terram
955 2866 1010 2959 fis,
1037 2882 1102 2934 ter·

68 2980 115 3031 tun
143 2963 254 3033 bonam
279 2989 373 3060 quam
405 2970 559 3036 Dominus
586 2968 673 3035 Deus
698 2979 773 3034 tuus
805 2963 891 3034 dabit
916 2964 984 3036 ult.
1034 2961 1104 3037 Per

68 3062 209 3150 pestne
225 3064 336 3137 dubio
362 3066 504 3159 placere
517 3063 578 3136 fibi
603 3062 771 3161 legem&
795 3063 914 3137 Deum
938 3062 1026 3161 legis
1051 3074 1102 3137 at·

68 3174 119 3249 que
132 3162 205 3252 ejus
224 3162 389 3254 promissa
407 3164 632 3256 pronunciat.

123 3284 153 3352 3.
180 3261 250 3334 Sed
266 3264 432 3353 quoniam
447 3261 564 3336 solent
579 3261 756 3336 interdurn
775 3263 879 3354 hujus
900 3261 1035 3337 heresis
1055 3260 1102 3337 as-

68 3350 199 3432 sertores
219 3383 285 3453 per
305 3362 507 3454 deceptiosa
520 3362 677 3453 quaedani
694 3361 904 3456 sophismata
916 3362 1103 3457 simplicio·

68 3472 125 3531 tum
141 3482 365 3553 quorumque
382 3461 492 3533 corda
510 3461 693 3553 decipere,
720 3460 904 3534 absurdum
921 3482 994 3533 non
1013 3475 1106 3555 puto

68 3552 255 3633 leuamen
279 3561 408 3651 quaein
426 3559 670 3634 adsertionibus
692 3558 759 3632 suis
778 3558 943 3653 proferre
965 3559 1104 3655 solent,

68 3671 294 3749 proponentes
317 3659 582 3752 subreptionem
605 3681 732 3734 eorum
753 3681 794 3732 ac
814 3662 996 3735 mendacia
1019 3680 1105 3734 con·

68 3746 214 3835 internus.
265 3758 381 3831 Aiunt
397 3760 522 3855 igitur:
548 3756 715 3853 scripturn
729 3758 802 3852 est,
832 3766 933 3831 Deum
951 3786 1036 3828 nemo
1052 3762 1105 3827 ni·

68 3849 105 3926 sir
119 3882 272 3959 unquam:
297 3860 356 3934 ille
373 3871 490 3935 autent
507 3858 608 4051 lgetps
626 3880 731 3954 quern
744 3856 894 3955 Moyses
909 3856 1104 4033 predicat?²
