2498 4254
10 168 157 247 ,rm
395 143 821 223 ORIGENIS
952 165 957 171 ·

82 309 265 409 perditum
281 254 380 401 quod
396 311 494 403 prius
511 310 689 403 perditum
707 311 910 385 dicebatur:
934 308 985 383 ita
995 304 1128 383 fortassr

81 414 195 484 etiam
210 410 284 481 hoc
301 407 399 499 quod
422 409 597 501 salvatur,
623 410 737 481 anima
754 409 902 481 dicitur:
928 428 1010 483 cum
1026 424 1128 483 auter

80 512 155 603 jam
173 506 267 580 salva
281 506 372 579 satia
390 506 522 601 fuerit,
547 530 592 579 ex
616 506 838 601 persedioris
856 509 966 601 partis
989 506 1060 579 suoe
1078 526 1128 579 uo

84 608 219 681 cabulo
240 608 518 700 nuncupabitur,
569 607 689 679 Sed&
707 592 794 679 illdd
811 607 914 699 adjici
929 604 1032 700 polle
1050 605 1128 679 vide

82 718 146 782 tur
169 705 397 797 quibusdam:
425 707 506 797 quia
531 705 620 779 ficut
642 707 715 778 hoc
741 706 840 797 quod
865 707 1047 800 perditum
1073 702 1123 778 est

82 818 164 879 erat
180 805 253 877 srne
269 804 381 878 dubio
406 817 597 897 antequam
621 806 774 899 periret,
808 824 888 880 rum
908 805 1003 877 aliud
1023 802 1128 877 nescit

82 903 171 999 quid
192 916 269 975 erat
283 922 387 995 quam
404 905 609 997 perditum,
635 905 725 977 srcut
747 906 815 993 erit
835 906 961 994 utique
978 924 1060 977 cum
1074 904 1128 991 ian

80 1002 225 1078 nonest
235 1002 431 1095 perditum:
457 1006 507 1075 ita
522 1004 629 1076 etiam
642 1005 756 1077 anima
771 996 848 1094 quae
863 1001 988 1095 periise
1003 1004 1128 1075 dicitur

80 1102 266 1175 uidebitur
284 1100 385 1174 fuisse
402 1103 486 1193 quid
501 1102 693 1191 aliquando
710 1123 791 1176 cum
803 1104 966 1175 nondum
982 1098 1125 1194 periffet

82 1198 120 1274 da
138 1212 291 1293 propter
305 1200 380 1271 hoc
396 1202 512 1274 anima
531 1202 733 1283 diceretur,
761 1222 838 1293 quae
853 1199 986 1273 rursum
1009 1218 1128 1291 expet

80 1299 225 1373 ditione
242 1300 391 1371 liberata
406 1299 526 1393 potest
540 1303 669 1373 iterum
690 1301 776 1373 illud
797 1298 867 1373 elle
886 1301 983 1392 quod
1003 1297 1073 1372 fuit
1089 1318 1128 1369 an

80 1411 229 1487 tequam
247 1400 401 1491 periret,
434 1398 467 1470 da
489 1401 607 1473 anima
628 1400 818 1474 diceretur.
869 1400 939 1471 Sed
961 1398 1056 1471 &ex
1074 1392 1128 1489 ips

80 1496 243 1571 nominis
263 1497 387 1570 animae
407 1495 666 1592 significatione
686 1519 790 1589 quarn
808 1501 844 1571 in
861 1518 980 1594 graeco
997 1496 1128 1585 indicet

79 1595 199 1670 visum
223 1592 275 1667 est
300 1596 539 1669 &nonnullis
564 1598 828 1688 requirentibus
852 1597 1023 1669 curiosius
1045 1590 1128 1689 posit

81 1712 163 1768 non
178 1694 400 1768 mediocrem
421 1693 554 1791 suggeri
571 1696 803 1771 intelledlum.
855 1698 951 1771 Nam
965 1693 1082 1768 sermo
1096 1692 1128 1765 di·

79 1794 191 1867 vinus
215 1792 336 1867 Deum
360 1795 480 1889 ignem
505 1793 575 1868 elle
600 1795 690 1868 dixit
720 1817 800 1870 cum
830 1796 898 1867 ait:
934 1792 1027 1868 Deu's
1050 1792 1128 1889 mpla

80 1898 168 1987 ignis
186 1893 225 1990 ql
240 1894 430 1977 consumens.
479 1893 607 1967 Sed&
634 1894 680 1967 de
708 1896 932 1990 Angelorum
957 1890 1128 1967 substantii

80 1993 136 2067 ita
160 1993 227 2065 ait:
252 1998 325 2087 Qui
344 1993 434 2086 facit
458 1997 593 2086 Angelos
616 2000 684 2085 [uos
719 1998 886 2089 Sparitus,
913 1991 953 2070 (ὕ
988 1992 1128 2087 minqlm

75 2090 151 2186 fitur
172 2098 272 2183 iguem
299 2110 463 2163 urentem:
491 2092 646 2177 &alibi,
673 2098 834 2190 Apparuit
852 2094 992 2186 Angelus
1013 2090 1128 2164 Domini

81 2189 262 2287 inflamma
276 2197 360 2285 ignis
378 2196 414 2260 in
433 2192 518 2266 rulo.
569 2192 716 2285 Insuper
733 2196 846 2265 etiam'
861 2196 1064 2277 mandatum
1087 2206 1128 2261 to

80 2289 273 2381 cepimus,
293 2288 460 2365 ursimus
481 2288 604 2384 spiritu
627 2290 832 2364 ferventes:
858 2314 924 2384 per
949 2291 1047 2381 quod
1072 2288 1128 2361 nnc

81 2388 197 2461 dubio
213 2390 357 2483 igneum
369 2387 567 2463 ostenditur
585 2390 618 2462 dc
633 2392 784 2464 calidum
799 2390 870 2463 Dei
888 2394 1050 2463 verbum.
1076 2380 1128 2459 Sed

81 2486 120 2559 dr
131 2486 520 2583 Hieremias-propheta
535 2490 633 2563 audit
647 2491 747 2564 abeo
762 2491 821 2583 qui
836 2490 897 2563 sthi
913 2484 1079 2583 responsa
1086 2484 1128 2558 dr·

83 2588 169 2661 bat:
185 2589 808 2681 Eccedcdiverbamear'rrotrutrmignem
845 2586 1128 2683 SicutergoDelll

83 2685 176 2781 ignis
189 2683 432 2783 est,&Angeli
443 2686 584 2762 flamma
595 2685 867 2783 ignis,&Sansli
880 2686 1128 2780 quiquespiritt

83 2784 251 2875 fervent3
271 2788 321 2858 ita
338 2789 544 2859 econtrario
561 2787 597 2859 hi
612 2788 672 2877 qui
684 2787 894 2860 deciderunt
915 2809 935 2858 a
952 2782 1128 2858 diledlionu

82 2880 172 2975 Dei,
183 2883 374 2957 srnedubio
392 2884 562 2965 refrixisse
577 2887 614 2957 in
631 2887 805 2958 charitate
821 2887 896 2978 ejus
914 2905 955 2957 ac
965 2883 1080 2980 frigidi
1092 2880 1128 2953 ft·

84 2980 133 3055 sii
150 2982 294 3057 dicendi
310 2982 400 3059 sunt.
437 2984 502 3057 Ait
516 2985 610 3059 enim
627 2985 660 3056 dt
677 2985 876 3075 Dominus,
894 2986 976 3075 quia
985 3001 1128 3081 propterte

84 3084 380 3179 quudmultr'plr'cota
391 3083 430 3180 esi
440 3088 610 3181 iniquitas,
627 3084 799 3176 refrigescet
806 3086 949 3155 charitas
958 3084 1128 3153 multarum

83 3180 158 3253 Sed
175 3183 210 3255 dt
225 3184 345 3257 omnia
359 3202 592 3274 quaecumque
610 3183 690 3255 sunt
706 3197 783 3273 quae
804 3182 958 3255 adversae
973 3180 1128 3277 potestur*

84 3280 125 3353 in
139 3276 319 3373 scripturis
336 3279 459 3353 sanstis
483 3296 758 3375 comparantur,
783 3281 908 3376 frigida
931 3278 1071 3373 semper
1091 3283 1128 3353 in·

83 3380 240 3454 veniens
262 3381 426 3455 diabolus
451 3380 601 3453 dicitur:
633 3402 706 3473 quo
728 3382 813 3473 quid
830 3380 989 3475 frigidius
1002 3378 1128 3453 inveni

84 3489 157 3554 tur.
208 3480 278 3553 Sed
294 3479 329 3551 u
344 3481 381 3551 in
397 3482 484 3553 marl
503 3500 651 3576 regnare
671 3480 800 3553 dicitur
819 3482 940 3553 draco.
991 3478 1128 3574 Serpen

83 3588 162 3650 tem
182 3576 388 3668 namque&
413 3577 633 3671 draconem,
664 3578 762 3672 quod
781 3581 907 3670 utique
926 3576 970 3651 ad
991 3578 1128 3670 aliquen

83 3676 134 3751 de
144 3676 305 3773 malignis
317 3675 494 3770 spiritibus
511 3690 755 3771 retorquetur,
781 3679 815 3751 dt
830 3680 867 3751 in
882 3678 969 3752 mari
984 3674 1128 3774 Prophe

81 3786 125 3851 ts
145 3772 408 3875 effedeugnat.
457 3772 510 3851 Et
533 3750 621 3851 aliisi·
641 3777 730 3853 dicit
752 3775 957 3875 Prophetas
976 3780 1128 3951 gssdm'

235 3886 242 3907 ⁸
955 3904 979 3975 g
1030 3884 1099 3953 ium
