2498 4254
50 186 267 282 „,p.
337 212 344 217 -
452 130 877 277 ourcaura

132 363 213 426 mus
227 338 384 434 proferri
399 339 555 418 fruitus:
580 344 643 448 vel
654 365 735 418 curu
746 342 886 441 ignem,
901 357 1041 436 aetem,
1061 358 1204 439 aquam,

133 458 339 534 terramque
352 444 482 517 mutari
496 443 534 517 in
545 439 727 538 semetipsa
737 446 893 517 invicem
908 465 950 516 ac
961 442 1096 517 resolvi
1108 442 1206 520 aliud

133 546 173 621 in
192 542 285 616 aliud
295 545 512 617 elementum
523 557 646 617 mutua
657 546 805 636 quadam
816 539 1128 641 consanguinitate
1142 544 1207 618 do·

138 646 297 718 cuimus:
325 638 383 717 sed
401 641 530 716 &curn
547 645 592 717 de
607 642 692 716 escis
712 647 773 718 vel
796 644 981 718 hominurn
993 645 1055 717 vel
1074 640 1207 719 anima·

136 746 225 822 lium
241 744 475 836 probavimus
490 741 713 818 substantiam
733 747 847 817 carnis
865 744 1034 836 existere,
1064 745 1127 816 vel
1143 745 1207 818 hu·
1227 778 1230 783 ⁵

105 861 278 923 ‘morem
305 842 454 925 seminia,
466 846 634 918 naturalis
658 846 695 917 in
720 861 862 918 carnem
884 837 1033 918 solidam
1059 842 1208 937 ollaque

141 943 323 1019 converti.
393 947 484 1040 Quae
513 947 633 1018 omnia
655 942 878 1020 documento
900 941 982 1016 sunt
1003 942 1104 1036 quod
1127 940 1205 1018 sub·

37 1128 39 1131 ,
136 1044 267 1125 stantia
290 1046 492 1138 corporalis
518 1032 761 1138 permutabilis
793 1047 872 1139 srt,
888 1044 924 1117 dt
955 1061 1000 1117 ex
1033 1045 1136 1117 omni
1167 1043 1207 1120 in

52 1152 57 1161 ‘
142 1165 288 1221 omnem
310 1145 480 1218 deveniat
498 1143 712 1238 qualitatem.

222 1265 278 1336 34.
307 1244 566 1320 Verumtamen
583 1246 670 1318 illud
686 1241 772 1319 scire
787 1254 958 1343 oportet,
985 1236 1086 1334 quod
1102 1260 1207 1320 num·

140 1364 248 1439 quam
265 1342 454 1419 substantia
470 1347 541 1419 srne
565 1346 733 1439 qualitate
751 1343 919 1439 subsistit,
945 1340 1005 1418 sed
1020 1343 1208 1419 intellectu

138 1441 221 1523 solo
249 1436 458 1541 discernitur
484 1447 557 1519 hoc
590 1446 689 1538 quod
722 1444 880 1540 subjacet
915 1445 1135 1536 corporibus
1170 1444 1205 1517 dr

138 1544 243 1638 quod
263 1566 372 1639 capax
393 1539 444 1618 est
463 1547 662 1640 qualitatiS,
689 1544 758 1620 esse
771 1547 928 1620 materia.
983 1545 1140 1641 Quidam
1158 1545 1207 1618 al·

100 1705 108 1725 ,
137 1647 213 1719 tius
235 1664 322 1741 ergo
339 1644 384 1718 de
401 1647 454 1718 his
473 1648 643 1721 volentes
660 1647 860 1741 inquirere,
887 1638 957 1719 auli
975 1638 1056 1717 sunt
1070 1639 1206 1739 dicere,

139 1744 232 1821 nihil
251 1745 345 1819 aliud
367 1745 436 1819 elle
452 1761 615 1820 naturam
638 1754 853 1841 corpoream
873 1764 976 1840 quarn
1004 1744 1206 1836 qualitates.

20 1865 28 1874 ‘
109 1918 115 1929 „
141 1845 179 1926 51
196 1849 289 1920 enim
305 1845 481 1920 duritia&
498 1847 690 1941 mollitieS,
718 1848 868 1927 calidum
882 1844 1116 1942 &frigidum,
1144 1846 1207 1918 hu·

120 1944 277 2025 ¹ttridum
297 1946 331 2020 dt
351 1947 485 2020 aridum
503 1948 651 2040 qualitas
669 1943 743 2041 cst,
769 1945 823 2022 hit
843 1962 960 2020 autem
984 1946 1044 2017 vel
1068 1947 1207 2019 caterio

92 2117 95 2120 ,
141 2044 348 2138 hujusmodi
361 2048 550 2141 amputatis
564 2047 651 2123 nihil
668 2044 764 2122 aliud
780 2047 991 2145 intelligitur
1007 2042 1204 2141 subjacere,

10 2150 13 2155 ’
134 2146 363 2220 videbuntur
379 2148 566 2238 qualitates
584 2144 652 2222 effe
665 2148 795 2223 omnia.
845 2143 1207 2244 Unde&hiquihaec

142 2242 320 2340 afferunt,
348 2245 547 2321 adseverare
566 2247 689 2321 conati
705 2244 805 2342 sunt,
832 2263 874 2321 ut
893 2249 1061 2340 quoniam
1081 2262 1207 2320 omncs

144 2344 205 2438 qui
228 2347 412 2429 materiam
433 2344 599 2422 infeftam
621 2348 775 2442 dicunt,
802 2350 991 2440 qualitates
1015 2367 1035 2419 a
1054 2346 1143 2420 Deo
1159 2346 1209 2420 fa·

143 2444 214 2519 uas
227 2441 296 2519 effe
312 2445 559 2542 confitentur,
585 2447 789 2522 inveniatur
797 2467 863 2542 per
878 2449 951 2522 hoc
968 2447 1074 2522 etiam
1085 2445 1207 2522 secun·

143 2543 227 2619 dum
248 2542 343 2639 ipsos
363 2567 433 2622 nec
448 2549 596 2622 materia
614 2544 845 2623 ell'einfedla:
870 2545 1039 2641 siquidem
1062 2544 1208 2641 qualita-

74 2669 86 2679 ”
138 2655 198 2719 tes
223 2645 292 2720 srnt
316 2650 460 2745 omnia,
496 2669 573 2741 quae
598 2646 724 2742 utique
749 2649 822 2724 fine
848 2647 1138 2722 contradidione
1163 2651 1205 2723 ab

142 2746 310 2820 omnibus
330 2767 349 2820 a
367 2746 453 2824 Deo
477 2745 577 2823 fauae
597 2744 667 2823 else
691 2749 987 2847 pronunciantur.
1039 2747 1090 2821 Hi
1112 2765 1205 2822 vero

143 2849 204 2940 qui
214 2847 410 2941 lubjacenti
425 2847 564 2924 cuidam
579 2854 736 2925 materiae
746 2846 879 2924 additas
891 2843 1110 2923 extrinsecus
1126 2867 1206 2940 qua·

140 2945 262 3023 litates
277 2951 413 3022 volunt
429 2947 640 3044 ostendere,
658 2948 908 3046 hujuscemodi
924 2962 1077 3023 utuntur
1090 2967 1207 3023 exem·

140 3048 232 3143 plis,
258 3047 364 3121 verbi
385 3049 516 3146 gratia:
541 3051 670 3135 Paulus
687 3052 760 3126 srne
778 3047 890 3124 dubio
913 3062 975 3125 aut
994 3064 1120 3142 tacet,
1149 3058 1207 3123 aut

142 3146 328 3241 loquitur,
355 3147 575 3247 advigilat,
602 3161 664 3225 aut
680 3148 836 3244 dormit,
862 3147 924 3224 vel
935 3164 1038 3224 certo
1052 3147 1207 3245 quodam

75 3306 78 3311 .
144 3248 312 3342 corporis
334 3249 459 3324 habitu
486 3247 667 3326 consrstit:
700 3263 761 3324 aut
778 3254 871 3325 enirn
893 3247 1010 3345 sedet,
1038 3263 1101 3325 aut
1119 3245 1207 3344 stat,

112 3356 116 3360 ’
143 3360 208 3421 aut
224 3347 333 3442 iacet.
385 3348 474 3426 Haec
491 3353 584 3427 enim
604 3348 684 3426 sunt
698 3349 902 3428 hominibus
923 3350 1144 3445 accidentia,
1169 3348 1222 3455 ll·x

140 3464 192 3522 ue
219 3449 347 3541 quibus
372 3471 554 3545 nunquam
575 3447 652 3526 fere
673 3450 920 3529 inveniuntur,
983 3448 1066 3526 Nec
1088 3466 1207 3527 tamen

136 3545 260 3623 sensus
280 3551 403 3626 noster
423 3549 607 3628 manifeste
622 3552 667 3627 dc
688 3574 735 3628 eo
754 3546 884 3644 aliquid
906 3553 1037 3629 horum
1059 3544 1206 3646 delinit,

23 3664 27 3669 ·
136 3644 204 3724 sed
215 3651 265 3725 ita
276 3671 357 3725 eum
372 3670 438 3746 per
450 3653 526 3727 haec
536 3652 764 3751 intelligimus
779 3651 841 3728 vel
857 3652 1143 3747 consideramus,
1167 3662 1207 3727 ut

135 3767 220 3825 non
242 3750 392 3826 omnino
411 3752 590 3830 rationem
607 3752 717 3828 status
737 3750 814 3848 ejus
835 3753 1206 3849 comprehendamus,

112 3912 114 3917 a
135 3850 250 3933 vellii
269 3868 318 3931 eo
343 3851 446 3952 quod
461 3854 616 3961 vigilat,
642 3853 704 3931 vel
714 3854 758 3931 ‘in
772 3876 820 3931 eo
837 3852 937 3951 quod
957 3854 1094 3934 dormit
1106 3905 1120 3951 ,
1118 3862 1205 4027 &put
