2498 4254
286 193 382 275 ua:
432 162 905 279 ueneremur
1046 215 1118 295 571
1193 274 1196 281 ,

62 358 205 452 quidem
232 369 429 461 poterant,
462 359 652 453 quomodo
676 363 719 435 ab
750 360 900 435 interitu
918 355 983 432 suo
1012 355 1125 437 salva·

61 472 197 537 rentur.
248 461 363 534 Attin
378 461 499 549 itaque
514 458 616 537 Deus
626 462 750 553 sordem
765 462 909 550 fitiorum
927 455 1124 556 &filiorum
1205 446 1209 461 '

65 564 165 632 Sion:
190 557 230 634 ii
248 560 439 653 stinguiuem
456 564 638 633 emundant
655 562 690 633 de
709 563 924 635 mediatorum
946 565 984 629 iu
998 558 1124 657 spiritu

58 661 175 766 judicii
189 656 228 735 U
239 662 359 758 spiritu
375 661 594 757 combustionis.
649 662 830 755 Ingreditur
849 665 952 747 enim,
980 660 1063 759 quasi
1081 664 1123 755 ig-

63 764 118 834 nis
137 758 334 853 conflatorii,
359 758 398 837 (ὅ
423 762 508 861 quast
525 761 621 833 iterio
637 762 819 833 lavantium
843 761 967 833 lavans
991 758 1127 851 &pur-

64 879 151 956 gans
171 878 236 951 eps
259 863 317 953 qui
339 861 514 954 ejusmodi
531 862 803 938 medicamentis
830 860 1010 955 indigent,
1037 859 1124 934 iden

66 957 165 1049 quod
190 960 334 1051 probati
363 966 469 1037 Deum
487 963 599 1032 iniere
616 968 654 1030 in
673 966 795 1031 notitia
817 961 1021 1033 noluerint:
1046 960 1125 1049 qui·
1222 980 1225 985 ·

58 1061 132 1137 ¹bus
147 1056 182 1135 se
202 1061 300 1133 uitro
318 1061 523 1153 tradentes,
548 1061 743 1155 reprobum
761 1058 898 1135 senium
912 1059 1000 1135 odio
1017 1056 1126 1129 habe·

64 1158 168 1234 bunt.
196 1154 350 1253 (Neque
368 1163 464 1236 enim
480 1162 646 1252 cuiquam
664 1160 766 1235 Deus
785 1161 923 1233 bonum
938 1158 1017 1230 vult
1031 1155 1127 1247 quoii

63 1255 270 1335 necessetate
287 1257 386 1353 iieri,
411 1258 472 1339 sed
491 1260 704 1364 voluntate)
721 1280 802 1337 cum
816 1259 884 1333 smt
896 1254 1042 1335 tortario
1053 1256 1127 1346 qui·

66 1353 147 1429 dem
163 1359 223 1449 qui
239 1379 306 1452 pto
323 1362 432 1455 ionga
452 1361 626 1437 vitiorum
641 1359 903 1433 consuetudine
918 1359 979 1429 vix
996 1376 1125 1433 eorum

65 1455 325 1547 turpitudinem
341 1461 653 1551 comprehendant
668 1471 948 1548 avertanturque
963 1456 1006 1529 ab
1020 1458 1072 1529 eis
1086 1467 1129 1531 ut

65 1552 151 1632 tana
168 1557 257 1632 boni
277 1556 395 1651 specie
410 1559 687 1652 decipientibus.
738 1558 835 1636 Vide
853 1567 972 1633 autem
989 1576 1034 1629 an
1050 1556 1127 1631 haec

65 1651 168 1730 causa
190 1656 231 1733 stt
252 1678 316 1733 cur
334 1658 437 1731 Deu's
463 1658 660 1734 Pharaonis
685 1679 751 1733 cor
770 1657 936 1746 induret,
961 1668 1004 1727 ut
1026 1653 1128 1747 quod

65 1752 156 1829 dixit
177 1776 255 1833 non
284 1758 490 1850 induratus,
520 1759 642 1833 dicere
665 1757 786 1852 poiirtt
826 1760 984 1827 Dominus
1004 1755 1130 1850 juflusr

66 1851 308 1950 egodnpopuius
325 1882 408 1925 meus
420 1861 521 1951 impii.
571 1854 625 1929 At
637 1858 763 1950 majori
780 1856 916 1951 indiget
933 1852 1128 1931 induratio-

65 1970 138 2043 ne,
165 1953 365 2049 &amplius
381 1955 511 2053 aliquid
525 1958 622 2051 pati,
650 1978 697 2031 ne
721 1954 878 2033 ceii'ante
897 1953 1002 2029 citius
1026 1951 1130 2030 indu·

65 2055 233 2146 tatione,
254 2074 332 2133 eam
350 2057 466 2129 veluti
485 2059 612 2129 maiam
629 2060 865 2146 contemnat,
891 2066 1001 2143 atque
1017 2054 1067 2129 ita
1079 2050 1132 2129 dt·

65 2170 157 2248 gnus
173 2150 235 2227 fiat
252 2156 310 2245 qui
325 2156 474 2251 amplius
482 2155 681 2230 induretur.
708 2153 804 2250 Ergo
819 2153 917 2227 sinon
931 2155 1039 2249 inique
1054 2168 1129 2223 tert·

63 2253 189 2325 duntur
203 2260 284 2325 retia
296 2256 427 2341 auibus,
452 2256 542 2327 utin
558 2254 765 2329 Proverbiis
781 2254 932 2345 dicitur,
958 2251 1018 2329 sed
1032 2247 1130 2327 reue

64 2370 137 2428 nos
156 2350 257 2427 Deus
278 2357 314 2429 in
330 2358 497 2446 taqueum
518 2354 681 2448 inducit,
702 2356 805 2448 juxta
820 2355 920 2430 iilum
939 2353 999 2445 qui
1021 2350 1131 2429 dixit-r

67 2452 226 2551 induxisti
245 2479 304 2523 nos
324 2460 362 2525 in
379 2456 548 2551 laqueum.-
582 2453 707 2529 &stne
730 2454 924 2529 voluntate
945 2452 1056 2546 patris
1080 2470 1130 2527 ne

63 2550 249 2629 viliiitmus
265 2555 408 2650 quidem
424 2556 617 2629 volucrum
634 2553 747 2649 paiier
765 2555 803 2631 in
819 2554 986 2647 laqueum
1001 2548 1133 2627 incidit

67 2646 173 2751 (cum
193 2654 242 2738 is,
268 2655 379 2744 quiin
397 2674 479 2727 eum
499 2653 649 2744 incidit,
674 2654 760 2731 ideo
776 2653 914 2729 incidat
929 2649 1030 2741 quod
1049 2666 1131 2727 non

64 2746 163 2825 reue
178 2749 260 2823 usus
280 2750 332 2823 eii
348 2750 515 2829 eonceiia
528 2752 591 2828 irbi
609 2752 653 2827 nd
667 2749 889 2845 pergendum
913 2744 1043 2825 surum
1065 2764 1134 2823 ro·

65 2848 165 2923 iandi
189 2848 388 2947 facultate)
420 2868 566 2926 oremus
589 2870 639 2924 ne
660 2850 888 2927 admittamus
913 2846 1132 2943 quidquam,

69 2949 201 3039 quoin
225 2952 469 3023 tentationem
483 2946 581 3041 J‘usto
606 2947 678 3027 Dei
691 2949 830 3040 judicio
853 2944 975 3023 induci
997 2964 1134 3023 metue·

63 3066 161 3125 mur.
211 3047 399 3125 loducitur
419 3060 541 3123 autem
563 3049 770 3145 quicunque
786 3044 938 3121 traditur
952 3066 972 3123 a
987 3042 1074 3123 Deo
1093 3044 1133 3123 in

69 3145 241 3225 desideria
269 3146 389 3223 cordis
416 3147 466 3224 sui
495 3148 534 3223 in
557 3147 837 3238 immunditiam,
872 3145 1134 3241 &quicunque

69 3245 222 3321 traditur
243 3248 281 3320 in
303 3246 478 3345 paffiones
493 3245 726 3341 ignominiae,
759 3245 1027 3337 &quicumque
1043 3242 1136 3321 nent

69 3345 193 3423 Deurn
222 3366 300 3419 nou
321 3347 496 3439 probauit
517 3346 651 3421 habere
679 3348 716 3419 in
741 3342 883 3439 seipso,
909 3344 1061 3423 truditur
1080 3338 1135 3421 est

71 3446 111 3519 in
136 3447 331 3541 reprobum
353 3444 511 3537 senium,
536 3460 579 3523 ut
602 3444 711 3519 faciat
732 3466 772 3519 ea
799 3463 878 3536 quae
899 3462 979 3521 non
998 3460 1138 3521 conue-

73 3544 188 3623 niunt.
251 3544 366 3619 Porro
399 3544 477 3622 haec
507 3546 723 3621 tentationis
754 3541 805 3621 est.
832 3544 980 3627 utilitate·
1041 3543 1136 3646 Qun

71 3643 112 3721 in
133 3645 247 3742 anima
265 3642 385 3721 nostre
406 3658 554 3741 recepta
570 3664 699 3720 omnes
717 3654 851 3735 preter
870 3641 990 3719 Deum
1006 3641 1137 3733 latent,

73 3738 212 3835 nosque
237 3742 498 3842 etiamffiipios,
535 3763 577 3819 ea
601 3762 668 3834 per
694 3743 918 3821 tentationes
951 3734 1138 3819 manifesta

74 3836 194 3941 fiunt,
218 3862 266 3922 ue
291 3862 362 3923 nor
383 3842 534 3943 anplius
555 3842 668 3923 lateat
692 3842 817 3949 quein
843 3840 969 3941 durna,
993 3828 1137 4011 Qui
