2498 4254
300 162 930 269 ,nuoaartouu
1052 188 1158 283 pn
1237 126 1248 149 “

92 327 185 402 Illud
203 346 349 419 quoque
367 330 467 420 quod
487 329 522 401 in
536 326 618 402 fine
636 326 824 427 Evangelii
841 327 1036 408 secundum
1049 327 1160 425 Joau·

90 442 176 503 ilem
192 427 357 524 scriptum
372 427 441 503 est:
467 432 548 502 Noli
563 454 609 499 me
627 447 753 524 tangere
763 474 774 514 ‚
796 433 936 500 nondum
948 434 1033 501 enim
1054 433 1159 517 ascert-

91 530 127 599 di
145 530 186 598 ad
205 545 329 623 patrem
350 555 471 613 meum,
497 527 647 614 mystice
669 531 779 627 magis
803 530 1005 625 intelligere
1024 550 1160 620 quatra·

90 648 192 715 mus,
220 627 470 719 ascensumque
490 625 553 703 salii
577 629 621 701 ad
642 637 781 721 patrem
804 629 975 702 diviniori
999 630 1157 719 quodam

89 728 206 801 modo
238 747 318 799 cum
343 727 457 801 sancta
480 725 732 822 perspicuitate
761 732 810 801 ita
838 729 1087 823 concipiamus
1114 742 1159 801 ut

92 846 141 897 eo
156 823 298 898 ascensu
312 847 413 900 mens
429 828 552 920 potius
566 826 732 902 ascendat
747 850 852 921 quam
869 848 1014 921 corpus.
1066 828 1159 901 Haec

91 926 138 996 de
157 925 226 995 illis
247 929 385 999 verbis:
416 930 513 998 Perea
531 928 631 1023 noster
655 933 712 1028 qui
730 939 762 998 es'
792 933 831 998 in
855 928 936 999 calis
954 928 1157 1002 accuratim
1217 922 1222 975 1

91 1021 301 1114 disputanda
326 1026 481 1119 credidi,
509 1027 552 1098 ad
580 1027 779 1101 tollendam
804 1027 974 1101 humilem
1002 1027 1048 1099 de
1068 1025 1156 1099 Deo

92 1124 309 1212 opinionem
333 1146 460 1197 eorum
485 1128 544 1215 qui
568 1127 605 1198 in
625 1127 715 1198 caelo
731 1126 844 1221 ipsum
863 1140 904 1198 ut
924 1129 961 1198 in
980 1128 1067 1198 loco
1085 1124 1156 1198 esse

90 1234 244 1313 putant,
277 1222 379 1296 &ne
398 1226 477 1313 quie
499 1225 618 1298 Deum
635 1227 673 1296 in
692 1246 876 1318 corporeo
901 1222 971 1298 csse
990 1226 1078 1296 loco
1104 1246 1158 1296 ar·
1215 1219 1219 1229 '

88 1320 257 1396 bitretur.
310 1322 585 1416 consequenter
601 1325 698 1398 enim
711 1324 902 1399 dicendum
920 1323 1008 1397 esset
1021 1344 1158 1417 corpus

89 1419 202 1510 ipsum
224 1421 319 1514 eise,
345 1423 444 1513 unde
463 1422 658 1514 sequuntur
676 1423 869 1516 impiiffima
891 1423 1078 1516 dogmata,
1104 1423 1157 1497 di·
1197 1429 1203 1442 '

90 1517 266 1593 visrbilem
289 1520 400 1614 ipsum
429 1524 702 1597 &materialem
728 1522 761 1593 ta
790 1525 1061 1614 corruptibilem
1084 1518 1156 1597 esse

90 1618 261 1692 credere:
282 1623 526 1711 comesenim
538 1643 648 1694 omne
666 1621 840 1694 divisibile
854 1620 905 1694 est
921 1622 954 1692 dc
970 1623 1155 1697 materiale

88 1715 126 1786 dt
149 1722 395 1810 corruptibile.
445 1718 524 1791 Aut
552 1723 674 1793 dicant
703 1722 810 1793 nobis
830 1741 908 1794 non
935 1721 1038 1791 vanis
1060 1718 1156 1793 auur

90 1815 302 1908 affectibus,
333 1818 393 1890 sed
421 1821 518 1891 clare
540 1819 575 1892 se
605 1818 916 1909 comprehendere
941 1817 1155 1914 asserentes,

90 1916 152 2003 qui
173 1913 249 1986 fieri
266 1916 371 2007 poffit
387 1930 429 1988 ut
446 1920 591 1990 alterius
611 1918 654 1989 srt
669 1931 806 1991 naturae
826 1938 931 2008 quam
949 1920 1154 1995 materialis.

87 2010 144 2087 At
164 2017 333 2107 quoniam
353 2018 465 2089 multa
480 2038 606 2092 eorum
622 2037 700 2108 quae
716 2029 800 2091 ante
815 2037 1037 2107 corporeum
1052 2017 1155 2090 Chri
1226 2106 1230 2113 ⁴

89 2111 132 2185 sti
156 2113 351 2187 adventum
370 2114 498 2210 scripta
522 2116 623 2209 sunt,
649 2136 834 2210 corporeo
858 2115 980 2190 Deum
1003 2118 1043 2188 in
1064 2117 1153 2189 loco

87 2210 161 2284 esse
185 2214 354 2285 uidentur
372 2215 513 2307 dicere,
539 2237 617 2289 nou
640 2216 729 2289 mihi
755 2216 939 2289 videtura
962 2215 1154 2310 proposito

90 2313 247 2384 alienum
269 2315 386 2386 erbis
406 2335 553 2406 quoque
580 2334 695 2408 pauca
717 2335 949 2409 proponere,
974 2329 1017 2388 ut
1035 2315 1154 2389 omnia

88 2410 133 2483 iis
157 2411 338 2486 dubitatio
363 2415 538 2506 eripiatur·
558 2415 618 2505 qui
642 2427 794 2507 propter
815 2415 1028 2508 imperitiam
1045 2433 1155 2504 quan·

88 2522 168 2584 tum
184 2515 221 2584 in
237 2513 317 2606 ipsu
330 2511 381 2585 est
391 2513 567 2608 exiguo&
578 2514 780 2587 breviloco
794 2502 1020 2607 concludunt
1030 2512 1155 2588 Deum

89 2612 213 2682 omnia
242 2612 483 2704 superantem,
531 2611 589 2685 Ac
612 2613 935 2708 primumquidem
958 2614 996 2684 in
1021 2610 1155 2686 Genesi

89 2708 244 2782 dicitur:
270 2714 374 2781 Adam
387 2711 426 2785 (Ἰ
444 2710 521 2784 Eva
540 2714 715 2783 audierunt
733 2735 835 2782 uocem
857 2715 992 2784 uenena·
1016 2715 1081 2783 Dei
1101 2713 1153 2783 dt·

88 2807 283 2878 ambulantis
306 2815 344 2879 in
361 2812 510 2905 paradiso
532 2813 776 2905 advesperante
806 2809 846 2887 &
876 2810 1154 2900 assemderuntfi

88 2909 193 2981 Adam
217 2905 256 2982 (5
279 2910 396 2979 mulier
420 2912 486 2999 ejus
501 2911 624 3002 aferic
647 2914 780 2982 undat
808 2915 875 2984 uei
895 2916 933 2982 r'n
951 2912 1048 2982 medio
1069 2911 1157 3004 ligni

81 3007 228 3106 paradis.
255 3008 557 3102 interrogabimus
572 3030 658 3104 ergo
671 3030 738 3083 eoa
752 3011 811 3101 qui
825 3007 1153 3102 scripturaetbesau·

87 3128 150 3180 ros
179 3109 316 3202 ingredi
341 3111 498 3201 nolunt,
532 3109 729 3200 &januam
755 3130 801 3182 ne
820 3107 962 3203 pulsant
986 3105 1152 3202 quidem,

85 3205 269 3302 possintne
286 3209 440 3301 probare
458 3206 657 3281 Dominum
674 3208 794 3282 Deum
812 3208 874 3300 qui
890 3206 1063 3282 calum&
1080 3219 1153 3287 tet.-

86 3328 162 3380 ram
182 3309 328 3398 implet,
362 3309 444 3400 cui,
473 3321 515 3379 ut
534 3307 597 3399 ipss
622 3305 846 3399 existimant,
873 3308 998 3381 coelum
1016 3316 1158 3411 corpo}-

87 3407 171 3479 ralis
188 3407 345 3478 thronus
358 3403 412 3479 est
429 3406 576 3480 &terra
589 3405 781 3481 scabellum
805 3406 936 3498 pedum
954 3409 1051 3499 eiua,
1076 3417 1151 3482 taut

88 3505 214 3596 brevi,
239 3505 265 3578 sr
289 3527 372 3579 cum
398 3504 567 3581 universe
599 3508 694 3580 calo
726 3505 760 3578 a
793 3517 887 3577 terra
916 3505 1149 3597 eousemtur,

87 3604 177 3676 loco
193 3607 400 3696 contineri,
427 3607 538 3682 itaut
556 3626 665 3699 quem
687 3605 749 3680 sabi
768 3600 909 3699 smguut
929 3623 1150 3698 corporeum

86 3701 304 3798 paradisum,
329 3704 431 3779 Deus
450 3725 529 3779 non
543 3706 712 3799 impleat,
738 3703 799 3779 sed
811 3704 841 3778 is
861 3715 1001 3779 tantum
1016 3702 1150 3797 magni·

88 3801 214 3876 tudine
235 3804 413 3903 excedet,
442 3819 484 3881 ut
503 3808 621 3986 etlaur1
626 3802 1151 3976 ·‘·¹⁰⁸¹”h⁰¹¹”‘⁶¹⁸³⁰⁰q¹¹,⁸,³}f‡“

635 3926 648 3979 ι
675 3929 699 4008 3
1096 3924 1105 3933 ’
