2498 4254
293 116 372 199 ot
420 118 760 219 parmenus,
807 119 1021 205 urant:
1095 147 1164 219 ως

111 286 228 361 cotio
241 285 446 379 parabolis,
478 286 730 376 merebantur,
761 284 914 378 &quod
929 284 1081 363 fortassis
1103 286 1170 363 dis·¹

108 385 328 481 pensabatur
341 408 466 459 eorum
481 388 619 468 curatio
633 387 669 457 in
686 386 774 459 illud
790 400 957 479 tempus,
984 408 1057 481 quo
1074 389 1166 462 tole·

110 486 261 559 rabidius
273 486 342 559 erit
357 486 453 559 eisin
468 487 525 558 die
534 486 679 579 judicii,
706 486 888 578 quantillis
903 485 998 579 apud
1012 508 1103 581 quos
1117 488 1168 566 fa·

113 584 177 659 ttae
193 582 276 658 sunt
287 586 354 657 iliae
368 588 523 659 virtutes
542 607 618 679 quae
631 584 767 679 scriptae
784 584 881 659 sunt:
907 598 948 656 ut
961 586 1012 661 ita
1027 586 1170 665 demum

100 681 267 762 srelevati
283 700 369 758 tunc
385 686 545 778 pondere
556 688 730 759 malorum
741 682 902 777 suumn,
916 685 1052 761 facilius
1065 686 1098 759 ds
1110 690 1169 759 to:¹

111 784 295 859 larabiiius
313 804 378 879 per
393 784 488 857 viam
500 784 617 857 saisitis
631 785 808 874 incedant.
861 786 999 859 Verum
1012 786 1099 858 illud
1117 784 1170 859 est

112 884 213 975 quod
227 884 431 957 admonitos
445 884 526 956 ilios
544 883 613 957 esse
626 887 686 975 qui
700 884 775 957 haec
790 886 934 979 legunt,
959 887 1072 978 vnio,
1098 906 1169 959 nos

113 982 149 1071 in
166 983 372 1077 hujusmodi
387 982 596 1057 difficillimis
612 983 648 1056 &
664 981 906 1059 obscuriffimis
925 985 1017 1057 locis
1032 983 1170 1057 summo

112 1080 230 1156 studio
248 1083 336 1173 niti,
366 1097 529 1158 nontam
551 1098 593 1156 ut
610 1082 838 1197 quaestionum
858 1084 1099 1160 absolutiones
1126 1084 1170 1159 ad

113 1178 287 1274 siquidum
309 1180 550 1275 dispiciamus;
586 1184 659 1257 hoc
682 1184 776 1257 enim
801 1182 909 1257 saciet
926 1184 1170 1277 unusquisque

114 1298 226 1377 prout
238 1280 379 1375 spiritus
397 1282 493 1355 dabit
510 1282 630 1371 eloqui
649 1280 700 1356 ei.
722 1281 788 1357 'sed
793 1298 834 1354 ut
851 1284 1005 1376 pietatis
1011 1284 1171 1399 regulam

114 1380 369 1455 evidenttffima
384 1380 571 1454 assertione
589 1395 798 1471 teneamus,
823 1384 861 1455 in
873 1406 921 1456 eo
934 1382 1034 1473 quod
1044 1404 1170 1476 provr

115 1478 273 1555 dentiam
293 1481 366 1555 Dei
383 1480 474 1573 juste
492 1484 611 1554 omnia
626 1482 895 1573 moderantem,
921 1484 956 1555 tc
977 1481 1171 1575 aquiffimis

115 1578 432 1675 dispensationibus
442 1601 511 1695 pro
523 1580 739 1753 firrspulorum
753 1581 932 1655 meritis&
947 1582 1056 1655 causas
1070 1604 1171 1678 rege-

114 1698 151 1753 re
165 1682 389 1753 immortales
410 1681 540 1753 animas
589 1681 737 1773 udemus
753 1680 960 1766 ostendere·
989 1681 1072 1755 dum
1092 1702 1171 1757 non

115 1769 205 1853 intra
228 1780 333 1870 huJus
355 1778 469 1851 saculi
494 1780 605 1852 vitam
626 1764 834 1873 dispensatio
854 1782 1006 1853 humana
1024 1782 1172 1865 conclu-

117 1878 233 1969 ditur
263 1878 321 1951 sed
346 1878 457 1950 futuri
480 1878 588 1951 status
612 1877 745 1953 causam
760 1878 901 1971 praestat
916 1877 1055 1972 semper
1074 1891 1181 1953 ante·

116 1978 407 2051 riormeritorum
418 1977 547 2069 status,
565 1978 655 2050 &sic
667 1979 858 2052 immortali
871 1978 905 2052 &
920 1995 1057 2051 aeterno
1070 1979 1175 2069 aequi-

117 2079 196 2150 tatis
203 2078 286 2168 jure
301 2077 588 2151 &moderamine
600 2077 728 2149 divinae
743 2078 982 2171 providentia
992 2079 1175 2152 immorta-

68 2267 70 2274 .
119 2176 156 2249 iis
172 2178 292 2249 anima
309 2176 353 2248 ad
370 2174 534 2251 summam
550 2175 779 2270 persedionis
797 2178 994 2252 adducitur.
1045 2177 1080 2249 Si
1096 2178 1174 2269 quis

68 2285 70 2320 ³
120 2286 236 2349 tanren
253 2289 423 2347 occurrat
437 2278 542 2349 nobis
559 2299 626 2368 pro
645 2299 690 2348 eo
708 2279 805 2368 quod
826 2279 973 2349 dicimus
987 2277 1177 2349 adeterio·

68 2445 75 2476 ·.
119 2376 213 2449 ribus
237 2375 487 2467 quibusque&
505 2377 735 2467 nequioribus
757 2376 923 2449 consulto
937 2375 1072 2449 differri
1093 2398 1175 2449 ver-

121 2474 201 2549 bum
220 2474 505 2568 praedicationis,
541 2468 673 2549 curbis
696 2480 824 2567 quibus
845 2476 967 2548 collati
986 2476 1093 2567 'syrii
1115 2476 1175 2569 qui

122 2588 217 2647 certe
236 2573 387 2667 despecti
409 2573 510 2687 sunt,
535 2574 798 2668 praeferuntur,
824 2577 1035 2669 praedicatus
1047 2576 1070 2649 s
1061 2590 1090 2648 t
1109 2573 1177 2650 ser-

123 2694 197 2748 mo.
223 2674 261 2748 in
275 2695 351 2763 quo
371 2676 495 2763 utique
512 2673 652 2746 aunum
674 2674 769 2746 est
739 2698 787 2748 ers
801 2677 959 2767 malum,
977 2674 1013 2748 u
1030 2678 1176 2776 grauior

123 2794 243 2847 eorum
259 2771 389 2846 effecta
408 2772 461 2847 est
474 2774 758 2865 condemnatio
783 2788 825 2847 ut
843 2776 1006 2847 audirent
1025 2767 1179 2848 verbum

77 2943 81 2956 ,
123 2874 176 2963 qui
214 2894 296 2945 non
331 2886 433 2946 erant
468 2873 665 2945 credituri:
706 2874 779 2947 hoc
811 2874 922 2946 modo
961 2872 1179 2965 responden·

123 2970 200 3047 dum
216 2973 380 3051 videtur·
408 2973 507 3046 Deus
527 2974 586 3067 qui
606 2972 847 3054 universarum
866 2976 1038 3049 mentium
1054 2973 1179 3045 condi·

122 3080 177 3145 tor
189 3072 256 3169 est,
283 3070 449 3148 adversus
445 3073 730 3174 providentiam
742 3072 837 3148 suam
851 3076 1014 3167 querelas
1025 3070 1180 3171 praenos·

1041 3192 1128 3245 cens

342 3332 771 3409 instaurandum
808 3357 955 3410 sous.
1006 3418 1012 3431 ¹

123 3474 303 3549 cusatione
326 3474 514 3548 ostendere
537 3477 750 3567 volentem,
778 3498 820 3549 ea
845 3476 929 3549 dare
954 3496 1041 3567 quae·
1057 3478 1181 3571 provi·

123 3576 248 3649 dentiae
265 3573 333 3647 suae
356 3574 579 3648 accusatores
601 3577 805 3671 petierant
832 3590 873 3660 ut
890 3577 931 3647 iis
951 3578 1108 3668 acceptis
1130 3576 1182 3647 ni·

121 3676 313 3751 hilominus
333 3673 502 3747 summae'
493 3678 684 3769 impietatis
700 3674 857 3747 convicti
881 3677 979 3766 quod
994 3678 1081 3749 nihil
1097 3675 1180 3747 inde

121 3774 283 3851 utilitatis
299 3777 556 3872 perceperint,
582 3776 767 3875 deponant
782 3776 959 3871 ejusmodi
978 3776 1182 3869 audaciam,

170 3882 325 3976 Orrgmis
352 3873 441 3953 Tum
467 3881 533 3954 ΙΙΙ.
735 3874 763 3953 P
1020 3874 1150 3971 sitque
