2498 4254
106 206 156 303 ,a
430 151 836 280 ottenitts

131 359 186 435 uis
201 358 252 437 eft
269 358 357 434 aliut
379 358 442 433 nist
460 356 616 433 Christus
634 357 653 431 i
684 355 734 430 Et
750 356 840 431 ficut
855 376 963 430 nemo
979 352 1091 429 debet
1107 376 1136 431 o

79 466 81 472 ‘
105 381 207 548 pendi
225 480 305 533 cum
326 458 423 533 Deus
447 458 489 532 fit
509 472 638 551 pater,
672 457 771 549 quod
795 458 899 531 etiam
923 456 1093 536 Salvator
1115 480 1137 529 e

102 556 230 639 Deus:
255 559 306 632 ita
327 556 361 630 δι
381 580 462 632 cum
483 560 714 650 omnipotens
742 557 872 631 dicitur
888 553 1023 649 Pater,
1059 556 1138 631 etia

106 658 227 748 nullus
246 658 355 735 debet
369 656 529 752 offendi,
555 658 653 751 quod
675 656 782 731 etiam
798 653 890 729 filius
912 655 982 729 Dei
1003 657 1138 749 omnip<

106 770 190 837 tens
216 756 357 833 dicitur.
408 756 497 840 ΗοεΙ
517 756 630 831 modo
655 776 808 848 namque
834 774 962 829 vetum
987 755 1056 829 erit
1080 756 1138 832 illu

108 854 211 955 quod
230 852 303 953 ipse
317 853 406 932 dicit
420 855 464 931 ad
481 870 648 952 patrem,
673 860 754 951 quia
767 860 872 927 omnia
886 880 951 925 mea
971 873 1027 924 tua
1041 859 1138 933 sumt

106 972 168 1037 tua
184 982 271 1037 mea,
295 954 334 1035 0
347 958 539 1053 glarificetus
548 958 618 1046 sam
634 966 671 1025 m
686 964 741 1031 eis.
792 954 937 1031 sivero
954 955 1076 1033 omnia
1094 976 1138 1047 qu

108 1054 222 1157 patris
237 1054 340 1149 sunt,
367 1054 493 1133 Christi
504 1056 606 1151 sunt,
631 1056 726 1132 inter
742 1056 863 1131 omnia
873 1073 965 1128 vero
981 1076 1058 1146 quae
1076 1050 1138 1127 sun

108 1171 214 1257 pater
231 1152 282 1229 est
300 1156 406 1230 etiam
424 1158 682 1250 omnipotens,
707 1156 778 1231 fine
797 1154 908 1228 dubio
923 1154 1029 1227 etiam
1047 1156 1138 1249 unip

107 1257 208 1348 ¹nitus
234 1252 328 1329 filius
351 1256 460 1331 debet
477 1255 546 1333 eise
574 1257 838 1349 omnipotens,
875 1268 917 1326 ut
940 1257 1061 1327 omnia
1093 1274 1138 1346 qu

109 1354 222 1432 habet
237 1367 362 1453 pater,
389 1357 497 1431 etiam
510 1351 602 1429 filius
622 1356 762 1433 habeat.
818 1357 865 1427 Et
878 1350 1068 1447 glorificatus
1081 1363 1138 1441 fun

109 1450 249 1547 inquit,
276 1459 387 1541 ineis.
444 1458 484 1529 In
501 1462 630 1529 nomint
648 1457 742 1543 enim
759 1458 839 1551 Jestt
855 1478 943 1524 emate
958 1479 1038 1545 genu
1053 1452 1138 1527 fle&¹

111 1560 173 1637 tur
190 1552 366 1650 celestium,
392 1557 605 1653 terrestrium,
631 1545 905 1647 &infernmum
930 1551 969 1629 (⁴7
986 1559 1088 1623 omnir
1104 1556 1138 1625 iit

106 1674 173 1751 gua
196 1647 456 1746 confitebitur,
489 1661 564 1751 quia
583 1660 739 1728 Dominus
764 1657 859 1751 Jestts
877 1657 1026 1744 ingloria
1047 1654 1089 1751 ιβ
1103 1659 1138 1725 i]

114 1756 239 1839 Patris.
295 1754 405 1850 Igitur
429 1756 617 1849 aporrhoea
639 1755 762 1852 gioria
787 1754 853 1827 Dei
880 1752 1072 1827 secundum
1099 1752 1138 1827 ht

112 1848 213 1951 quod
235 1853 465 1948 omnipotens
480 1854 552 1949 est,
575 1875 664 1952 pura
690 1876 732 1929 ac
749 1854 894 1947 limpida
920 1849 988 1945 ¹psa
1005 1853 1138 1946 sapient

113 1948 179 2047 est,
202 1947 404 2049 glorificata
418 1968 585 2049 tanquam
595 1956 780 2049 aporrhoea
792 1952 1090 2045 omnipotentiae,
1116 1974 1138 2023 v

112 2054 248 2151 gloria.
300 2050 355 2126 Ut
386 2070 506 2128 autem
531 2053 744 2131 manifestius
770 2054 988 2148 intelligatur
1021 2074 1101 2144 qnae
1132 2062 1138 2125 ι

113 2151 235 2253 glotia,
261 2151 561 2245 omnipotentiae,
595 2153 702 2227 etiam
732 2153 806 2225 hoc
839 2150 1009 2226 addimus.
1070 2150 1138 2225 Det

112 2260 220 2345 paten
234 2248 466 2343 omnipotens
486 2252 559 2343 est,
584 2274 631 2325 eo
652 2250 749 2343 quod
768 2265 995 2342 potentatum
1012 2253 1137 2325 omniu

113 2356 238 2441 tenet,
262 2346 387 2443 idest,
413 2350 493 2424 coeli
518 2351 553 2425 &
576 2366 701 2442 terrae,
728 2348 810 2425 solis
836 2350 871 2425 &
895 2350 1040 2423 lunae&
1064 2350 1138 2424 stell

113 2464 220 2539 tum,
246 2447 477 2541 omniumque
502 2470 579 2542 qua
596 2452 631 2524 in
649 2452 728 2540 ipfis
749 2452 838 2527 sunt.
890 2448 1033 2545 Ηοιιιιιι
1057 2468 1138 2523 aute

113 2556 345 2643 potentatum
364 2551 457 2645 gerit
470 2570 536 2643 per
552 2550 701 2635 verbum
723 2546 842 2643 suum,
869 2550 1037 2639 quoniam
1055 2550 1135 2623 ian

114 2641 212 2736 tnine
225 2640 307 2741 Jesu
323 2666 431 2723 omne
444 2670 538 2745 genu
552 2647 716 2726 tietietur
727 2652 764 2723 δι
779 2645 990 2741 caelestium,
1016 2649 1138 2723 &tert

114 2738 259 2841 fitium,
295 2742 589 2845 &infernorum
640 2743 689 2822 Et
713 2750 737 2823 fi
765 2770 873 2823 omne
898 2770 992 2843 genu
1023 2746 1138 2821 flettit·

117 2840 224 2944 jesu,
263 2843 335 2921 stne
359 2841 469 2921 dubio
486 2845 585 2943 Jesus
605 2845 656 2923 est
680 2850 737 2922 cui
757 2847 909 2941 subjecit
934 2840 1012 2919 suat
1033 2848 1138 2921 omni:

117 2943 155 3021 ἃ
172 2938 315 3039 ipseest
337 2945 398 3040 qui
445 2960 649 3051 otpntatum
676 2950 746 3044 agit
767 2950 804 3021 in
828 2948 1016 3039 omnibns,
1052 2948 1086 3019 δι
1114 2970 1137 3041 p

119 3062 226 3137 quem
244 3038 397 3139 subjecta
414 2966 604 3144 gant-patri
620 3048 758 3122 omnia:
783 3067 847 3139 per
866 3043 1068 3140 sapientiam
1083 3066 1138 3121 nat

119 3161 213 3237 que,
236 3141 338 3219 idest
354 3146 469 3221 verbo
491 3146 703 3240 tentione,
731 3168 808 3221 non
829 3148 868 3221 vi
892 3168 933 3219 ac
956 3143 1138 3227 neceffitat

120 3237 248 3321 tunna
265 3238 418 3338 subjecta
436 3244 524 3321 stant.
586 3241 637 3320 Et
654 3246 738 3327 ideo
760 3245 798 3321 in
817 3267 863 3321 eo
886 3244 962 3339 ipso
986 3267 1059 3337 quo
1085 3249 1138 3320 ob⁴

118 3352 186 3436 net
203 3343 344 3436 omma,
370 3341 484 3441 gloria
504 3344 563 3422 sua
582 3342 655 3421 est:
681 3346 714 3421 &
736 3348 812 3421 haec
832 3342 883 3429 est
905 3347 1137 3437 omnipotent

119 3436 348 3537 putifflma&
368 3442 596 3537 limpidissimt
641 3445 761 3541 lotia,
797 3468 878 3520 cum
904 3445 1107 3519 ratione&
1133 3462 1138 3519 t

145 3536 275 3633 ientia,
301 3545 441 3619 nonvi
462 3565 504 3629 ae
521 3468 744 3640 necesitate,
771 3544 896 3629 cundia
914 3540 1067 3636 subjetta
1087 3542 1138 3619 sut

119 3558 299 3720 Burissima
318 3658 411 3717 vero
433 3664 474 3718 ac
487 3640 719 3741 limpidiffima
733 3643 847 3760 gloria
865 3640 1062 3740 sapientia,
1099 3642 1138 3717 sat

122 3736 385 3833 pontenienter
405 3740 535 3833 ditium
552 3740 658 3819 estad
676 3742 931 3826 distantiionem
945 3742 1020 3834 ejus
1041 3742 1137 3839 glori

123 3854 201 3935 qun
220 3856 300 3919 non
323 3860 433 3941 pure,
458 3860 528 3921 net
549 3844 686 3921 fincete
708 3843 823 3947 gin'ria
856 3843 996 3920 dicitur.
1050 3840 1138 3921 Otnt

1032 3960 1126 4020 veto
