2498 4254
82 170 133 247 ιι,
400 104 907 227 onrounrs.

82 306 142 402 sa,
167 305 355 401 quomodo
372 308 567 383 vellumen
582 306 800 404 venuncii,
824 306 1056 407 velostium,
1080 312 1151 400 vel

23 406 238 505 justitia,
270 411 332 483 vel
352 402 600 502 sanctificatio,
633 408 696 481 vel
710 407 911 503 redemtio,
943 408 1106 487 &alia‘
1091 432 1148 489 tm

82 528 257 601 pumera,
293 508 329 583 ιι
350 509 476 601 quibus
498 507 607 581 causis
626 464 911 601 unumquodque
925 508 1062 587 horum
1077 532 1147 589 noo

81 610 259 700 minetur,
295 626 491 702 exponere.
540 606 612 681 Sed
627 609 792 683 contenti
812 608 868 683 his
883 608 929 685 de
944 608 1073 703 quibus
1089 608 1145 694 stu

81 707 202 805 perius
223 662 468 805 disseruimus,
492 704 754 873 consequenter
777 706 886 819 etiam
908 706 1048 851 reliqua
1061 730 1143 811 per

83 807 273 903 quiramus.

414 1004 447 1085 C
468 1002 508 1083 A
529 1006 557 1085 P
580 1006 620 1085 U
641 1005 680 1085 T
726 1004 806 1087 III.

434 1160 488 1231 De
504 1157 628 1257 spiritu
652 1154 783 1283 Sousia.

85 1303 466 1483 niConsequensff
419 1307 527 1381 1‘tur
541 1305 593 1383 est
610 1327 730 1400 nunc,
754 1320 798 1381 ut
811 1304 856 1381 de
868 1303 1003 1401 Splntu
1017 1300 1137 1387 saner

234 1426 338 1497 quarn
374 1428 424 1500 po
426 1330 554 1481 ffumus
593 1406 756 1481 breviter
792 1405 1025 1500 requiramus.
1089 1406 1138 1501 Et

82 1522 208 1579 omnes
232 1504 373 1597 quidem
394 1506 656 1623 quoquomodo
680 1505 949 1601 providentiam
971 1504 1042 1583 esse
1065 1494 1138 1585 sen·

81 1604 205 1696 tiunt
230 1604 351 1678 Deum
371 1604 467 1679 esse
456 1606 654 1702 ingenitum
669 1626 728 1698 qui
719 1602 910 1681 universa
928 1609 1070 1682 creavit
1087 1620 1138 1725 at·

82 1726 152 1797 que
174 1701 364 1797 disposuit,
392 1702 638 1799 confitentur,
667 1726 820 1799 eumque
843 1720 1030 1801 parentem
1060 1704 1139 1783 uni·

79 1804 257 1878 veritatis
272 1801 479 1901 agnoscunt
529 1804 624 1881 Huic
637 1816 758 1879 tamen
775 1802 846 1878 esse
858 1800 970 1883 filium
981 1826 1137 1883 nonnos

79 1902 147 1979 soii
164 1905 458 2001 pronunciamus.
485 1905 646 2020 quamvis
662 1902 742 1978 satis
752 1905 826 1978 hoc
843 1903 1018 1979 &mirum
1035 1904 1097 1979 ιι
1085 1926 1139 1981 m·

81 2005 266 2079 credulum
286 2002 492 2079 videatur
469 2026 512 2078 ns
533 2005 592 2098 qui
611 2004 706 2100 apud
729 2002 878 2079 Graecos
900 2002 935 2077 ιι
958 2003 1138 2079 Barbaros

78 2103 324 2199 philosophari
339 2105 526 2179 videntur:
549 2118 669 2177 tamen
685 2125 706 2176 a
722 2103 905 2177 nonnullis
924 2103 1030 2179 etiam
1045 2102 1138 2201 ipso·

79 2222 160 2275 rurn
173 2202 294 2277 habita
309 2201 384 2293 ejus
399 2203 542 2276 videtur
556 2203 702 2294 opinio,
729 2222 811 2279 cum
825 2204 942 2276 verbo
954 2202 1050 2292 Dei,
1075 2202 1140 2283 vel

79 2302 223 2375 ratione
238 2318 358 2376 creata
374 2299 444 2375 esse
458 2302 578 2375 omnia
595 2298 826 2377 confitentur.
878 2302 960 2375 Nos
979 2323 1075 2385 vero
1088 2300 1140 2379 se·

82 2400 238 2475 cundum
258 2399 365 2475 fidem
381 2399 598 2476 doiirinae
567 2421 668 2495 ejus,
695 2406 799 2517 quam
815 2399 987 2479 divinitus
1006 2399 1139 2515 aspira·

81 2512 154 2577 tam
172 2523 240 2617 pro
256 2514 359 2575 certo
379 2500 574 2590 habemus,
607 2500 880 2577 eminentiorem
902 2500 1138 2577 diviniorem·

81 2620 152 2692 que
173 2603 351 2675 rationem
374 2600 419 2675 de
433 2598 511 2683 filio
531 2554 625 2693 Dei,
658 2600 790 2677 nullius
809 2602 952 2675 alterius
970 2600 1140 2699 ponibiti

80 2698 165 2779 tutis
198 2700 267 2775 esse
302 2701 476 2775 credimus
500 2720 706 2794 exponere,
740 2714 847 2793 atque
880 2700 919 2775 in
950 2700 1139 2783 hominum

81 2801 328 2897 cognitionem
348 2799 536 2895 proferre,
561 2798 676 2873 nisr
644 2821 719 2893 ejus
737 2797 844 2873 solius
860 2798 1039 2893 scripttuae
1057 2821 1158 2893 qua,

81 2899 253 2996 aSpiritu
269 2897 387 2975 sancio
403 2899 567 2995 inspirata
590 2898 663 2991 est,
688 2900 726 2973 id
745 2896 825 2991 est,
851 2898 1066 2995 evangelice
1085 2912 1139 2975 at·

81 3021 151 3093 que
166 3000 388 3094 apostolice,
416 3022 484 3073 nec
497 3020 574 3073 non
587 2999 674 3093 legis
693 3020 735 3073 ac
748 2996 1028 3091 Prophetarum
1045 2998 1138 3075 ficut

81 3098 153 3192 ipse
178 3101 333 3176 Christus
356 3100 509 3183 asseruit.
556 3098 616 3171 De
638 3096 850 3190 subsistentia
873 3119 965 3171 vero
983 3096 1138 3191 Spiritus

80 3199 185 3273 santii
203 3222 250 3276 ne
268 3198 500 3295 suspicionem
525 3197 664 3291 quidem
682 3199 790 3271 ullam
809 3196 941 3275 habere
965 3198 1042 3289 quis
1065 3220 1138 3292 po-

80 3300 174 3392 tuit,
206 3313 335 3393 praeter
372 3320 435 3375 eos
467 3298 528 3391 qui
556 3296 593 3370 in
617 3297 697 3393 iege
728 3296 977 3393 &Prophetis
1001 3296 1138 3375 versati

80 3401 184 3492 sunt,
218 3404 278 3473 vel
310 3422 375 3474 eos
403 3398 462 3491 qui
492 3398 528 3471 se
553 3394 693 3469 Christo
719 3396 866 3471 credere
898 3394 1136 3481 confitentur.

80 3497 175 3573 Nam
192 3496 236 3571 de
253 3498 336 3572 Deo
356 3499 496 3591 quidem
512 3510 612 3590 patre
626 3497 785 3587 quamvis
802 3496 941 3588 quidem
960 3498 1137 3590 proloqui

80 3620 189 3673 nemo
206 3600 345 3687 valeat
370 3610 488 3674 tamen
505 3594 662 3690 poffibile
681 3595 732 3673 est
745 3596 963 3671 intelletium
979 3597 1135 3691 aliquem

81 3699 159 3793 capi
176 3720 222 3773 ex
233 3698 428 3772 occasune
425 3696 621 3771 visibilium
636 3707 876 3774 ιιιιιιιιιιιιιιι
886 3697 920 3771 ιι
931 3718 976 3771 ex
986 3696 1041 3771 his
1052 3718 1135 3790 quae

80 3800 234 3877 humana
256 3820 357 3876 meus
382 3797 589 3887 ιιιιιιιιιιιιι
613 3793 743 3877 ιιιιιιιι
779 3792 1081 3971 iusupersetiam
1086 3796 1136 3877 de

949 3911 1081 3995 emptu

422 3990 485 4019 ιη·
639 3966 671 4021 ,ι
