2498 4254
134 202 208 291 aot
309 206 344 243 ··
444 170 857 265 'on-rcnnrs

133 362 231 455 pene
256 349 465 449 impossibile
487 344 684 425 intelleilui
710 346 860 444 nostro,
886 350 924 424 in
946 344 1191 442 superioribus

133 456 267 553 lingula
279 450 486 527 differentes
501 450 732 525 ostendimus.

209 557 265 645 36.
291 552 385 625 Puto
402 552 484 624 sane
509 552 611 645 operi
625 548 710 624 huic
731 544 856 620 nostro
873 547 1093 620 contrarium
1111 566 1192 621 non

40 678 53 711 s
133 654 249 729 uideri
266 652 290 726 [ι
306 652 411 725 etiam
428 650 472 725 'de
486 652 755 725 immortalitate
768 646 1034 723 rationabilium
1048 660 1194 720 natina-

132 774 211 829 rum
228 772 331 847 quam
343 750 524 845 polsumus
542 750 927 841 breviterrepetamus.
979 745 1109 819 Omnis
1130 752 1193 838 qui

132 853 324 948 participat
338 851 484 941 alicujus
505 867 586 922 cum
609 868 655 921 eo
677 848 738 940 qui
758 846 915 938 ejusdem
935 848 984 918 rei
1008 850 1192 940 particeps

133 951 197 1045 est,
223 953 295 1025 line
310 946 745 1023 dubiouniussubstantiae
762 944 826 1037 est,
853 945 1032 1036 uniusque
1041 959 1191 1021 naturae.

131 1050 287 1145 utputa
304 1070 431 1122 omncs
445 1050 543 1121 oculi
557 1049 647 1120 lucis
661 1048 889 1141 participant,
917 1044 1046 1119 &ideo
1062 1066 1193 1119 omnes

133 1151 302 1240 oculiqui
316 1149 360 1221 de
381 1150 462 1220 luce
475 1148 708 1241 participant,
733 1147 838 1217 unius
857 1144 1092 1220 naturaesunt.
1121 1144 1194 1219 Sed

130 1252 218 1323 licet
233 1250 351 1322 omnis
365 1248 410 1320 de
426 1251 508 1320 luce
523 1248 716 1341 participet
731 1247 874 1339 oculus,
889 1259 1011 1317 tamen
1021 1248 1196 1336 quoniam

111 1336 221 1420 ‘alius
239 1351 403 1441 acutius,
430 1348 517 1419 alius
537 1346 696 1419 obtusius
717 1343 838 1433 videt,
870 1364 948 1417 non
970 1349 1087 1418 omnis
1106 1365 1194 1429 ocu·

129 1449 186 1521 lus
197 1448 383 1537 acqualiter
400 1446 445 1518 de
462 1448 544 1519 luce
559 1447 761 1540 participat.
803 1441 862 1537 'Et
876 1443 1030 1517 rursum:
1058 1443 1189 1518 Omnis

119 1548 273 1619 ¹audi-tus
291 1565 426 1619 vocem
440 1547 502 1618 vel
517 1544 644 1619 sonum
659 1546 809 1638 recipit,
835 1543 869 1615 δι
888 1543 973 1617 ideo
991 1546 1110 1618 omnis
1131 1565 1194 1629 au-

130 1646 226 1719 ditus
245 1647 352 1717 unius
369 1660 506 1718 naturae
522 1642 585 1725 est.
634 1644 775 1717 Verum
793 1663 861 1737 pro
879 1646 1051 1735 qualitate
1063 1646 1142 1738 puri
1159 1643 1196 1716 lic

129 1744 258 1819 sinceri
274 1745 415 1817 auditus
438 1746 683 1837 unusquisque
706 1746 872 1817 velocius
893 1742 1012 1836 audit,
1038 1746 1100 1816 vel
1123 1756 1195 1817 tar·

130 1844 221 1919 dius.
272 1844 513 1918 Transeamus
535 1864 620 1941 ergo
643 1846 686 1917 ab
705 1844 759 1917 his
781 1842 1000 1917 sensibilibus
1019 1846 1196 1936 exemplis

131 1942 176 2015 ar]
203 1940 498 2018 intelleslualium
522 1943 883 2033 contemplationem.
934 1942 1063 2017 Omnis
1090 1962 1196 2017 mens

133 2050 210 2134 q'uae
244 2044 289 2113 de
314 2041 547 2116 intelleiluali
568 2046 653 2115 luce
673 2038 957 2141 participat(*),
988 2044 1196 2116 cumomni

130 2148 256 2215 mente
276 2162 354 2231 qum
374 2141 472 2213 simili
497 2142 610 2214 modo
635 2142 678 2214 de
698 2138 929 2214 intelleiiuali
948 2144 1031 2215 luce
1050 2144 1196 2236 partici-

130 2252 212 2332 pat,
238 2243 344 2311 unius
358 2239 430 2311 fine
446 2242 557 2313 dubio
571 2242 681 2314 debet
695 2240 763 2313 elle
776 2256 921 2317 naturae.
975 2240 1009 2313 Si
1023 2264 1110 2338 ergo
1127 2264 1196 2315 cae·

117 2337 237 2426 (lestes
257 2340 409 2410 virtutes
428 2337 676 2413 intelleilualis
693 2343 806 2431 lucis,
833 2341 868 2413 id
888 2341 961 2435 est,
988 2341 1120 2415 divinae
1136 2364 1195 2416 na·

132 2452 221 2509 turae
234 2458 299 2530 per
314 2437 388 2510 hoc
403 2440 502 2530 quod
518 2438 699 2533 sapientia
714 2439 748 2511 ἀ
763 2437 1033 2514 saniiificationi
1053 2444 1196 2533 partici-

130 2538 231 2629 pium
248 2534 409 2628 sumunt,
436 2538 646 2611 &humana
663 2540 787 2613 anime
807 2539 964 2631 ejusdem
986 2542 1076 2612 lucis
1097 2542 1129 2613 u
1147 2540 1195 2614 sa·

130 2637 277 2729 pientiae
293 2638 519 2730 participium
544 2636 759 2731 sumserunt,
788 2639 886 2711 &ita
906 2639 986 2713 sunt
1009 2645 1115 2712 unius
1138 2663 1194 2713 na·

132 2748 221 2807 turae
249 2735 293 2807 ad
318 2738 477 2810 invicem
506 2742 684 2829 uniusque
708 2737 917 2814 substantiae.
970 2739 1193 2833 Incorruptae

134 2842 254 2907 autem
268 2834 394 2908 stant&
408 2836 628 2909 immortales
643 2836 800 2911 caelestes
814 2841 987 2932 virtutes,
1013 2842 1194 2913 immorta-

133 2930 177 3005 lis
193 2932 265 3006 fine
282 2934 394 3008 dubio
408 2934 442 3006 ἃ
457 2936 667 3028 incorrupta
682 2939 750 3009 crit
764 2941 871 3012 etiam
888 2942 1012 3012 animae
1029 2942 1191 3011 humane

134 3030 337 3127 substantia.
363 3033 453 3107 Non
464 3036 578 3107 solum
597 3048 729 3126 autern,
742 3035 800 3108 sed
818 3038 1068 3130 quoniamipsa
1085 3040 1193 3131 patris

136 3128 243 3203 &filii
257 3132 290 3205 bc
304 3132 455 3227 Spiritus
469 3133 575 3207 sanili
586 3148 727 3230 natura,
744 3137 959 3245 cujussolius
969 3137 1193 3210 intellectua-

1098 3241 1144 3309 lis

185 3418 246 3520 (*)
274 3428 517 3502 Intesieiiualem
534 3432 811 3532 rationabilemque
820 3452 972 3508 naturam
983 3436 1087 3522 sentit
1106 3443 1193 3511 Dius
1221 3482 1225 3491 ,

134 3512 174 3594 (s
195 3529 381 3617 unigenitus
409 3534 513 3602 silius
531 3536 599 3629 ejus
623 3532 663 3610 (Ἰ
684 3539 832 3632 Spiritus
846 3537 1009 3626 stantius:
1042 3537 1191 3623 sentium

132 3626 246 3716 Angeli
261 3632 300 3701 (5
319 3632 503 3727 Poteflnres,
528 3650 702 3730 ceteraque
733 3640 908 3723 Virtutes5
925 3638 1032 3725 sentit
1055 3643 1192 3713 interior

133 3720 219 3791 hamo
236 3733 294 3818 'qui
314 3732 355 3798 ad
375 3735 539 3825 imaginem
564 3733 602 3808 (s
616 3734 861 3830 fimilitudinem
885 3744 951 3809 Dei
970 3739 1115 3808 conditus
1139 3738 1214 3837 est(

121 3820 185 3890 Er
201 3848 266 3921 quo
287 3831 486 3903 concluditur
507 3838 610 3933 Dgarm
628 3831 668 3910 ss
691 3838 755 3905 hac
775 3840 990 3932 quodammodo
1011 3842 1110 3908 unius
1134 3839 1189 3935 effe
1237 3896 1239 3917 ,

92 3921 306 4019 sttfflantiae.
360 3932 500 4017 Verlio
515 3932 729 4019 Hieronis
736 3928 917 4034 upum
933 3934 1095 4013 initum.
1146 3968 1149 3975 ·
1236 3924 1239 4029 1
