2498 4254
189 158 986 244 vnoaoousuuraut
1097 182 1122 257 9

61 328 427 427 auribuslargiturum.
476 326 546 403 Sed
561 328 644 422 ille,
669 340 712 400 ut
720 328 854 418 video,
880 321 1123 417 instylopro·

61 434 137 529 prio
153 430 326 525 placens,
352 448 429 501 rem
446 430 591 521 majoris
613 428 735 525 gloriae
753 427 933 520 sequitur,
957 437 1000 494 ut
1016 434 1120 517 pater

62 530 162 607 verbi
180 529 225 603 fit
236 527 359 623 potius
376 548 480 621 quam
495 528 683 622 interpres.
731 528 771 602 N
772 548 814 600 os
831 543 918 621 ergo
936 542 1012 596 rem
1025 522 1069 595 ab
1081 522 1122 595 il-

62 634 96 709 lo
118 626 265 723 quidem
292 641 442 725 coeptam
467 625 642 721 sequimur
667 628 701 701 a
723 629 936 721 probatam,
962 619 1124 695 sednon
1157 643 1162 651 ’

63 731 166 823 aquis
189 726 407 821 eloquentiae
421 730 558 802 viribus
576 729 668 801 tanti
693 728 765 802 viri
788 745 917 799 ornare
940 718 1122 815 possumus

64 829 169 903 dista:
191 828 291 901 unde
305 848 439 903 vereor
451 850 499 903 ne
516 829 611 901 vitio
629 849 711 902 meo
727 829 764 900 id
779 825 939 916 accidat,
964 834 1007 893 ut
1019 821 1049 893 is
1065 818 1124 892 vir

65 950 166 1021 quem
178 928 242 1001 ille
255 927 412 1001 alterum
431 927 513 1021 post
530 926 729 1022 Apostolos
752 924 915 999 Eccleliae
937 919 1124 993 donarem

63 1027 217 1102 scientie
237 1048 280 1099 ac
298 1025 475 1119 sapientiae
492 1029 624 1104 merito
650 1028 888 1124 comprobat,
913 1020 1035 1114 inopia
1054 1016 1125 1092 ser-

63 1127 184 1203 monie
196 1124 312 1199 nostn'
325 1128 433 1223 longe
451 1128 600 1201 inferior
617 1129 793 1203 videatur.
847 1122 959 1224 Quod
980 1140 1049 1215 ego
1067 1113 1126 1190 sae·
1187 1136 1192 1143 ·

63 1250 104 1321 pe
117 1224 346 1301 considerans
362 1228 577 1321 reticebam,
602 1250 671 1303 nec
692 1224 965 1321 deprecantibus
982 1216 1125 1292 mesre·

65 1340 217 1417 quenter
229 1324 268 1399 in
282 1326 533 1400 hocsratribus
548 1330 764 1401 annuebam:
789 1324 847 1399 sed
863 1340 924 1395 tua
938 1322 1014 1412 vis,
1039 1313 1126 1390 fide·

62 1423 312 1503 liffimesrater
328 1424 491 1521 Macati,
516 1441 617 1501 tanta
632 1427 704 1523 est,
732 1427 789 1500 cui
812 1422 980 1498 obsistere
998 1440 1048 1491 ue
1062 1418 1126 1490 im·

58 1524 190 1619 peritia
200 1524 345 1615 quidem
360 1525 492 1621 potest.
539 1527 694 1622 Propter
709 1527 868 1620 quodne
883 1537 922 1595 te
940 1522 1033 1593 ultra
1050 1536 1126 1611 gra·

9 1620 12 1635 '
60 1646 146 1699 vem
170 1636 315 1718 paterer
344 1625 574 1721 exatimem,
608 1630 714 1701 ctiam
741 1640 869 1700 contra
898 1617 1126 1715 propositum

18 1802 21 1807 ,
57 1744 182 1801 meum
202 1722 295 1797 ceffi:
322 1746 364 1796 ea
378 1738 496 1801 tamen
509 1729 589 1823 lege
605 1742 711 1819 atque
724 1748 771 1801 eo
787 1725 934 1813 ordine,
960 1732 1002 1791 ut
1016 1736 1124 1807 quan-

10 1792 140 1897 iitum
159 1819 237 1895 fieri
258 1822 403 1919 potest,
435 1825 707 1921 interpretando
728 1824 850 1917 sequar
865 1822 1023 1917 regulam
1034 1834 1127 1909 prae·

60 1918 263 2014 celsorum,
289 1922 324 1995 u
349 1925 425 2017 ejus
445 1925 625 2020 praecipue
645 1926 716 1998 viri
737 1927 836 2017 cujus
858 1919 1016 2013 superius
1037 1914 1123 1988 feci·
1222 1976 1225 1985 .

16 2082 19 2089 .
61 2040 148 2096 mus
167 2023 405 2103 mentionem:
431 2026 490 2116 qui
517 2047 599 2098 cum
622 2025 717 2097 ultra
741 2021 960 2119 septuaginta
983 2014 1127 2089 libellos

61 2119 233 2215 Origenis
266 2142 358 2213 quos
397 2125 626 2199 homileticos
667 2123 890 2217 appellavit,
925 2118 1127 2207 aliquantos

58 2220 171 2293 etiam
192 2220 238 2294 de
257 2224 366 2297 tomis
387 2224 426 2297 in
445 2224 662 2318 Apostolum
681 2222 818 2319 scriptis
843 2213 1069 2294 transtulisset
1087 2212 1128 2282 in

58 2320 227 2394 latinum:
261 2320 451 2413 inquibus
477 2345 556 2397 cum
581 2326 759 2417 aliquanta
784 2317 1002 2395 offendicula
1025 2314 1129 2385 inve-

59 2420 208 2493 niantur
219 2420 257 2493 in
275 2442 419 2517 graeco,
444 2427 494 2497 ita
510 2424 669 2498 elimavit
691 2424 812 2497 omnia
831 2414 1126 2513 interpretando,

64 2532 174 2610 atque
185 2522 374 2617 purgavit,
398 2536 441 2594 ut
454 2522 541 2597 nibil
554 2525 591 2596 in
606 2524 674 2596 illis
689 2522 788 2616 quod
806 2546 827 2595 a
840 2518 913 2595 fide
926 2514 1047 2591 nostra
1062 2510 1128 2586 dis-

61 2630 215 2711 crepet,
247 2620 376 2693 latinus
404 2620 518 2705 leston
542 2624 715 2701 inveniat.
764 2622 875 2697 Hunc
905 2638 993 2715 ergo
1020 2614 1127 2689 etiam

60 2738 130 2789 nos
160 2717 248 2790 licet
269 2740 348 2793 non
372 2722 587 2815 eloquentiae
610 2724 767 2815 viribus,
794 2720 981 2814 discipline
1005 2727 1126 2788 tamen

60 2817 192 2930 regulis
222 2818 260 2889 in
286 2832 456 2910 quantum
478 2820 681 2921 possumus,
707 2822 906 2916 sequimur,
933 2812 1128 2891 observen·

61 2928 119 2987 tes
136 2914 269 3001 serlicet
282 2938 330 2991 ne
345 2940 477 3012 eaquae
489 2922 527 2995 in
542 2922 639 2995 libris
655 2921 821 3017 Origenis
839 2914 987 3011 aseipsrs
1000 2910 1125 2986 disere-
1159 2922 1164 2939 ·

59 3016 180 3107 pantia
195 3014 551 3115 inveniunturatque
571 3026 771 3114 contraria,
797 3018 1040 3115 proferamus:
1068 3032 1126 3083 cu-

60 3116 117 3207 jus
144 3114 357 3190 diversitatis
383 3117 521 3192 eausam
552 3120 690 3213 plenius
720 3122 787 3195 tibi
812 3122 850 3193 in
873 3111 1126 3210 Apologetico

64 3234 166 3305 quem
174 3212 376 3308 Pamphilus
390 3238 459 3310 pro
474 3220 571 3293 libris
587 3221 691 3313 ipfius
707 3220 875 3317 Origenis
886 3213 1038 3307 scripsrt,
1056 3211 1128 3284 edi-

67 3312 193 3404 dimus,
206 3314 409 3391 brevilsrmo
419 3318 543 3391 libello
554 3317 793 3414 superaddito,
811 3322 936 3410 inquo
953 3310 1129 3387 evidenti·

66 3413 154 3503 bus,
173 3414 402 3508 utarbitror,
416 3419 660 3509 probamentis
670 3435 863 3512 corruptos
873 3412 943 3489 esse
958 3414 994 3486 in
1011 3431 1129 3503 quam·

69 3510 226 3607 plurimis
246 3514 288 3587 ab
301 3514 475 3589 hereticis
491 3516 727 3591 &malevolis
747 3520 859 3592 libros
878 3517 953 3608 ejus
974 3508 1129 3584 ostendi-

69 3611 206 3725 mus,&
220 3613 492 3708 praecipueistos
508 3636 599 3707 quos
608 3638 705 3691 nunc
716 3618 826 3713 exigis
840 3632 881 3689 ut
893 3618 1127 3704 interpreter,

70 3710 106 3783 rd
119 3710 169 3783 est
180 3738 256 3808 napi
273 3712 403 3809 ἅρχων,
420 3716 516 3805 quod
529 3716 590 3789 vel
605 3716 649 3791 de
662 3718 847 3811 Principiis
864 3718 925 3789 vel
938 3713 983 3787 de
996 3706 1131 3783 Princi-

72 3812 207 3905 patibus
232 3812 302 3885 dici
320 3813 466 3905 potest,
492 3817 550 3906 qui
565 3814 645 3889 sunt
662 3838 792 3893 revera
808 3818 893 3891 alias
911 3814 948 3891 dt
960 3802 1133 3887 obscuris·

73 3908 189 3987 tui&
205 3910 401 3997 diffiu'llw
451 3914 512 3993 De
524 3916 635 4099 rinus
652 3921 751 4007 enim
767 3923 907 4007 talibus
922 3921 981 4001 'tiis
993 3909 1163 4032 disputat

172 4060 177 4065 -
606 4042 634 4121 5
1078 4036 1133 4095 ru
