2498 4254
253 190 330 271 on
377 188 716 285 aerumans,
767 187 943 267 trun.
996 296 999 301 Ι
1058 211 1126 269 121

72 320 155 432 Ε”ιξσΙ
165 362 263 430 veuit
277 362 425 455 princeps
447 358 559 428 mundi
578 357 701 443 buius,
736 353 776 432 ὅ
793 359 830 424 in
845 378 891 424 me
911 377 980 425 non
995 359 1127 427 invenit

72 462 247 571 quicquam.
306 460 396 557 Quae
417 459 537 532 omnia
553 457 691 529 nullum
707 456 743 528 in
764 478 811 529 eo
830 454 971 549 peccati
990 452 1128 531 sensum
1150 538 1155 543 ,
1205 526 1208 540 ,

72 558 230 631 indicant
246 555 408 633 extitisse.
460 558 571 657 Quod
592 568 633 629 ut
649 556 832 648 Propheta
847 554 1050 628 evidentius
1066 555 1128 631 de·

72 654 242 755 signaret,
276 658 552 749 quianunquam
574 658 610 728 in
632 678 712 729 eum
730 653 924 746 iniquitatis
939 651 1054 726 sensus
1073 655 1128 727 in·
1173 694 1178 705 ·

72 754 220 851 naffet,
253 758 323 829 ait:
359 761 548 855 Priusquam
562 758 657 845 sciret
670 776 749 854 puer
770 771 891 853 patrem
913 769 972 825 aut
994 770 1127 826 matrem

69 878 203 945 vocare,
235 857 406 946 evasisse
426 858 465 928 ab
486 862 670 951 iniquitate.

143 977 179 1047 5.
208 955 321 1057 Quod
335 956 361 1029 fi
377 957 481 1030 alicui
495 955 635 1030 difficile
654 957 856 1047 videbitur,
883 974 952 1047 pro
967 955 1128 1047 eoquod

68 1056 319 1131 rationabilem
334 1057 483 1130 animam
493 1056 561 1130 esse
573 1057 611 1128 in
626 1055 765 1131 Christo
781 1055 881 1148 supra
893 1053 1125 1149 ostendimus,

68 1150 325 1249 quum'utique
347 1157 539 1231 animarum
558 1169 719 1231 naturam
741 1156 830 1229 boni
850 1157 1002 1245 malique
1025 1176 1126 1247 capa·

68 1276 147 1329 cem
156 1275 223 1348 per
237 1276 360 1328 omnes
372 1251 627 1349 disputationes
637 1256 774 1329 nostras
789 1255 996 1345 {requenter
1011 1252 1130 1329 osten·

68 1354 204 1447 dimus,
231 1356 306 1427 hoc
324 1355 435 1428 modo
456 1356 507 1428 rei
529 1356 631 1447 hujus
657 1356 903 1450 explanabitur
929 1350 1127 1431 difficultas.
1178 1358 1190 1381 ⁸

68 1453 247 1531 Naturam
273 1454 415 1544 quidem
441 1457 562 1528 animae
584 1456 677 1529 illius
714 1455 806 1527 hanc
836 1448 937 1527 soille
970 1474 1048 1545 quae
1074 1454 1135 1529 est·

70 1553 230 1645 omnium
257 1554 467 1648 animarum,
500 1576 577 1629 non
601 1554 720 1648 potest
754 1554 931 1627 dubitari:
966 1553 1128 1643 alioquin
1206 1578 1209 1583 ·

70 1660 138 1728 irec
153 1653 225 1725 dici
245 1655 358 1725 anima
377 1656 519 1748 potuit,
546 1656 674 1728 ssvere
691 1676 768 1727 non
786 1654 855 1727 suit
874 1654 998 1727 anima.
1051 1654 1129 1727 Ve-

72 1772 147 1826 rum
164 1753 334 1844 quoniam
351 1753 440 1841 boni
453 1757 605 1845 malique
620 1755 771 1848 eligendi
789 1753 939 1825 facultas
960 1752 1126 1827 omnibus

75 1850 195 1945 praesto
217 1850 285 1940 est,
311 1852 387 1924 haec
405 1854 519 1927 anima
536 1876 612 1945 quae
635 1853 762 1925 Christi
781 1852 854 1945 est,
880 1853 931 1923 ita
952 1853 1060 1947 elegit
1076 1852 1126 1925 di·

80 1950 177 2047 ligere
207 1950 399 2042 justitiam,
432 1965 474 2025 ut
497 1973 565 2044 pro
592 1953 824 2024 immensitate
849 1949 1048 2024 diledionis
1073 1953 1127 2024 in-

84 2049 359 2123 convertibiliter
374 2051 407 2122 ei
423 2065 528 2145 atque
542 2051 818 2143 inseparabiliter
836 2050 1048 2143 inhereret,
1075 2051 1127 2125 ita

82 2162 117 2221 ut
129 2149 305 2243 proposrti
324 2146 494 2244 firmitas,
528 2150 727 2224 &offellus
746 2150 984 2243 immensrtas,
1017 2148 1052 2223 &
1076 2149 1127 2223 di·

78 2246 232 2321 lestionis
253 2250 531 2346 inextinguibilis
556 2253 676 2341 calor,
711 2272 853 2323 omnem
878 2248 1011 2324 sensum
1037 2270 1125 2323 con·

83 2348 244 2420 verbonis
261 2362 366 2439 atque
386 2352 641 2423 immutationis
657 2350 897 2444 abscinderet,
923 2348 960 2423 dt
975 2350 1073 2441 quod
1085 2350 1125 2423 in

85 2446 218 2519 arbitrio
242 2462 318 2520 erat
337 2451 509 2543 posrtum,
535 2452 633 2545 longi
649 2449 727 2522 usus
750 2448 879 2522 affettu
896 2451 968 2542 jam
982 2449 1125 2524 versum

85 2542 117 2616 llt
134 2547 169 2619 in
184 2562 367 2620 naturam:
401 2550 450 2621 ita
468 2550 501 2622 &
518 2548 618 2622 fuisse
636 2550 776 2640 quidem
792 2551 828 2620 in
849 2549 988 2622 Christo
1005 2550 1125 2623 huma·

86 2662 121 2717 na
135 2645 167 2717 &
180 2646 402 2720 rationabilis
422 2650 534 2723 anima
548 2649 723 2721 credenda
741 2646 809 2741 est,
837 2651 872 2721 b
891 2651 1028 2723 nullum
1050 2647 1125 2724 sen-

86 2738 145 2817 sum
154 2747 216 2819 vel
231 2746 492 2841 pollibllitatem
508 2770 584 2823 eam
597 2749 794 2842 putandum
811 2748 861 2822 est
875 2747 1028 2822 habuisse
1042 2770 1127 2842 pec·

87 2844 154 2920 cati.

144 2948 176 3018 6.
202 2941 264 3017 Ad
285 2945 484 3038 pleniorem
509 2960 628 3023 tamen
653 2948 705 3021 rei
734 2948 1021 3041 explanationem
1046 2967 1124 3022 non

87 3042 215 3117 videtur
240 3044 445 3139 absurdum,
478 3048 504 3120 li
531 3050 634 3121 etiam
660 3047 884 3121 similitudine
910 3049 1024 3137 aliqua
1048 3060 1124 3121 uta-

87 3162 173 3236 mur,
207 3144 295 3216 licet
318 3145 355 3216 in
379 3167 418 3217 re
449 3157 522 3219 tam
547 3148 675 3239 ardua,
711 3161 856 3238 tamque
890 3146 1044 3238 difficili,
1076 3170 1125 3221 ne

86 3245 240 3337 exemplis
256 3244 396 3334 quidem
408 3246 462 3316 uti
478 3248 675 3320 commodis
693 3248 798 3340 copia
817 3246 877 3320 est.
927 3248 1065 3320 Tamen
1082 3261 1125 3320 ut

87 3342 203 3435 absque
214 3344 333 3433 aliquo
347 3344 551 3438 praejudicio
569 3346 744 3439 dicamus,
771 3347 855 3419 ferri
871 3350 1050 3421 metallum
1068 3368 1124 3420 ca·

87 3460 143 3531 pax
161 3443 210 3515 est
228 3442 370 3538 frigoris
386 3444 420 3514 δι
434 3446 574 3521 caloris.
625 3444 661 3518 Si
678 3468 763 3540 ergo
784 3444 887 3520 massa
907 3448 1021 3539 aliqua
1038 3447 1124 3521 ferri

86 3536 206 3635 semper
225 3542 262 3612 in
282 3542 362 3636 igne
381 3543 422 3615 srt
443 3546 574 3638 pofita,
602 3547 765 3618 omnibus
781 3544 848 3617 suls
865 3549 983 3640 poris,
1011 3548 1123 3619 omni·

86 3638 208 3732 busque
227 3643 330 3713 venis
354 3644 470 3736 ignem
491 3646 687 3738 recipiens,
715 3644 748 3716 n
768 3658 848 3718 tota
864 3647 952 3742 ignis
972 3646 1122 3733 effedla,

86 3737 105 3809 ir
122 3762 233 3833 neque
250 3742 339 3836 ignis
358 3745 400 3814 ab
423 3766 463 3816 ea
489 3744 594 3817 cesset
610 3744 828 3839 aliquand0,
855 3768 972 3839 neque
988 3744 1059 3837 ipsa
1078 3744 1123 3815 ab

85 3836 153 3937 igne
171 3842 368 3938 separetur,
394 3844 645 3939 numquidnam
660 3846 815 3921 dicemus
834 3846 946 3941 hanc,
974 3866 1048 3937 quae
1062 3850 1124 3919 na-

581 3944 665 4036 Hs
995 3955 1075 4019 tura
