2498 4254
144 154 223 233 on
270 149 606 253 ermenus,
655 157 847 241 tuan..
947 181 1020 273 10³

81 314 219 415 parfefir'
231 317 318 413 ficut
340 316 378 396 (ὅ
401 336 493 417 pater
513 319 612 415 vester
638 322 760 420 coelestis
777 318 937 421 perfidius
958 324 1021 423 ost,

68 418 118 488 iem
131 418 230 509 suum
253 422 336 489 oriri
350 418 442 516 jubet
450 420 543 515 super
564 419 655 491 bonor
678 418 717 499 (ὅ
736 424 852 511 matos,
874 419 918 500 ὅ
928 422 1019 523 plait

68 517 156 613 iustos
177 514 216 594 (5
232 518 379 617 injustas:
408 519 522 591 cuivis
537 520 644 594 etiarn
660 522 795 617 exiguae
814 521 1017 621 intelligen·
1091 597 1095 615 ,

68 616 125 690 iro
149 616 441 692 evidentiiiirnum
463 616 615 715 suggerit
637 620 884 716 interieram,
917 622 1018 716 quod

68 718 150 790 iiurn
162 716 205 789 ad
219 716 424 791 imitandum
432 719 608 811 proponit
618 719 793 813 discipulis
804 719 1023 816 ssrisDeum,

68 816 210 890 ‚dorem
226 818 330 909 coeli,
358 816 392 889 δι
412 820 576 891 imbrium
595 820 836 911 praebitorem.
898 822 1016 923 Quod

68 914 180 1005 rdicit
205 916 286 1009 quia
303 930 448 990 orantes
470 929 641 1011 oporteat
668 918 810 995 dicere:
841 924 938 993 Pater
959 946 1017 993 no·

68 1018 90 1083 ιὶ
106 1042 136 1084 es
155 1021 193 1084 in
219 1016 325 1087 coelis:
359 1016 442 1108 quid
464 1017 557 1089 aliud
574 1018 718 1091 videtur
737 1018 927 1093 ostendere
950 1020 1015 1105 nifi

68 1115 128 1189 rin
147 1115 355 1188 melioribus
377 1116 519 1210 mundi,
544 1116 581 1190 id
595 1116 646 1190 est
661 1130 833 1191 creaturae
848 1118 917 1193 suae
937 1140 1018 1213 par·

68 1213 343 1307 requirendum?
368 1215 439 1288 Sed
459 1216 608 1309 &quod
627 1216 671 1290 de
689 1216 901 1311 juramentis
921 1219 1016 1313 opti·

68 1314 182 1387 ‚edam
198 1312 357 1387 instituta
376 1312 547 1388 definiens
560 1318 608 1388 ait
621 1342 686 1388 non
703 1332 877 1411 oportere
885 1322 1015 1425 jurare,

72 1432 128 1509 per
144 1414 269 1507 colum,
292 1420 368 1512 quia
384 1417 469 1503 sedes
490 1417 530 1514 eft
551 1421 641 1491 Dei:
673 1438 772 1516 neque
793 1440 851 1515 per
874 1435 1016 1507 terram,

68 1514 199 1584 obedum
215 1513 255 1611 efi
265 1517 375 1609 pedum
390 1520 474 1611 ejus:
502 1536 624 1590 nonne
643 1518 850 1610 apertissime
866 1516 1015 1593 videtur

68 1614 176 1686 reticis
189 1614 344 1688 vocibus
361 1614 559 1689 consonare
575 1617 702 1709 quibus
721 1616 868 1693 dicitur:
897 1620 1018 1689 Colum

68 1713 158 1799 ides,
184 1728 271 1784 terra
293 1732 397 1786 autem
405 1716 567 1803 flabedum
580 1720 688 1809 pedum
704 1714 865 1805 meorumfi?
889 1716 960 1791 Sed
979 1718 1016 1792 &

68 1813 127 1905 plo
146 1810 292 1905 ejiciens
309 1836 373 1887 eos
388 1817 447 1907 qui
464 1816 673 1889 vendebant
683 1837 798 1909 oves,
825 1816 859 1889 dt
876 1816 1013 1912 boves,

68 1914 214 1985 umbas:
241 1910 425 1987 effundens
448 1934 592 2007 quoque
609 1914 745 1988 mensas
761 1917 1015 1989 nummulario·

77 2012 113 2085 &
124 2012 265 2085 dicens:
298 2005 410 2085 Tollite
422 2014 475 2110 ista
492 2016 587 2101 hinc,
614 2012 653 2089 (ὅ
664 2017 762 2085 nodare
770 2014 877 2106 facere
892 2018 1014 2085 domum

73 2116 135 2181 mei
149 2115 268 2183 domum
283 2118 521 2207 negotiationis:
547 2126 685 2206 patrem
697 2112 795 2186 suum
810 2114 882 2187 sine
900 2114 1012 2188 dubio

68 2216 195 2297 rtsseurn
212 2213 310 2303 cuius
332 2215 468 2287 nomini
494 2212 666 2287 Salomon
683 2206 908 2311 magnificum
923 2226 1013 2287 tern-

68 2324 289 2388 extruxerat.
339 2311 410 2387 Sed
432 2313 567 2417 &illqd
583 2314 682 2406 quod
700 2314 772 2385 ait:
799 2316 881 2385 Non
897 2314 1012 2410 legrflis

68 2408 169 2481 {iilum
193 2412 231 2508 esi
247 2440 267 2482 a
291 2416 361 2485 Deo
380 2413 421 2484 ad
436 2414 598 2506 Moysen:
630 2412 694 2507 Ego
705 2412 776 2502 sum
797 2416 888 2483 Deus
908 2414 1013 2485 Abra·

86 2509 126 2587 δ’
161 2514 249 2582 Deus
284 2512 384 2602 Isaac,
408 2512 448 2590 (5
475 2517 565 2585 Deus
593 2512 712 2610 Jacob:
750 2537 815 2582 nan
840 2513 880 2611 est
904 2528 1012 2587 autem

73 2627 291 2689 mortuorum,
323 2614 377 2699 sed
406 2617 608 2684 viventium:
643 2610 911 2687 manifestiffime
939 2632 1009 2685 nos

85 2711 256 2802 quoniam
279 2711 399 2786 Deum
422 2712 720 2807 patriarcharum,
754 2732 822 2803 pro
844 2710 1011 2805 eoquod

74 2808 243 2884 effent&
269 2810 466 2905 viverent,
501 2810 622 2883 Deum
648 2810 849 2904 appellabat
881 2813 1012 2883 viven-

97 2910 197 2982 illurn
223 2907 357 2982 scilicet
383 2912 443 3003 qui
468 2909 608 2983 dixerat
632 2912 669 2982 in
693 2910 905 3003 prophetis:
943 2910 1010 3003 Ego

68 3028 156 3093 reus,
194 3007 233 3082 (Ῑῖ
249 3035 314 3079 non
337 3010 376 3106 esi
404 3016 490 3080 neus
513 3028 627 3105 praerer
653 3035 709 3080 me.
761 3006 883 3082 Sciens
912 3028 1010 3081 nam·

68 3110 211 3182 alvator
232 3108 351 3183 Deum
374 3107 553 3183 Abraham
585 3104 654 3184 effe
680 3130 761 3182 eum
783 3108 843 3200 qui
871 3108 908 3178 in
928 3107 1008 3203 lege

68 3230 98 3279 1s
117 3207 191 3300 est,
218 3208 253 3280 da
270 3206 381 3303 ipsum
395 3207 463 3281 effe
480 3209 538 3300 qui
558 3209 644 3280 dicit
663 3209 745 3298 quia
760 3232 807 3300 egr
819 3208 1007 3296 sundino,

81 3311 119 3404 est
139 3316 226 3378 inus
238 3324 352 3404 prater
362 3334 423 3379 me:
451 3308 618 3398 siquidem
633 3306 744 3399 ipsum
757 3307 856 3387 iilum
867 3322 1007 3401 patrem

68 3420 162 3481 tetur
179 3408 237 3499 qui
248 3409 389 3503 ignorat
404 3409 508 3480 aliurn
524 3405 626 3502 super
640 3403 674 3478 se
686 3405 754 3479 effe
768 3406 902 3497 Deum,
915 3406 1007 3481 ficut

68 3507 267 3583 :haereticn
295 3506 440 3579 absurde
459 3520 691 3602 compatrem
713 3506 931 3599 pronunciat
945 3505 1004 3597 qui

68 3610 219 3679 ntiorem
243 3607 387 3700 ignorat
408 3607 539 3681 Deum.
596 3605 633 3677 Si
658 3626 747 3677 vero
765 3626 843 3677 non
862 3602 1005 3696 quidem

68 3718 115 3798 t,
143 3703 203 3777 sed
222 3704 312 3779 fallit
329 3706 448 3777 dicens
468 3726 542 3777 non
562 3705 668 3781 aliurn
688 3700 756 3777 ent
776 3704 897 3777 Deum
915 3724 1004 3797 prae·

68 3872 70 3893 .
93 3808 212 3885 multo
225 3804 335 3903 magis
351 3803 537 3981 absurdam
551 3801 1004 3987 estimandacemffiztgn

512 3927 538 3999 4
