2498 4254
251 118 328 198 nn
377 118 870 237 animensis-,snm
896 119 978 202 nn·
1056 140 1185 244 nan

66 282 212 383 lingulis
235 306 316 358 eum
338 285 457 359 omitia
478 283 556 359 effe.
607 284 851 379 Persmgulos-
871 301 990 369 autem
1006 290 1128 363 omnia

70 387 145 459 erit
156 388 228 457 hoc
242 380 370 463 modo,
397 398 440 455 ut
460 384 626 475 quicquid
644 383 864 471 rationabilis
881 406 981 460 mens
999 384 1141 481 expiata,

97 498 154 556 ata
171 484 328 556 omnium
340 484 513 555 vitiorum
530 483 647 574 face,
672 496 780 575 atque
794 486 892 557 omni
903 486 1047 577 penitus
1067 488 1143 559 aba·
1180 518 1184 527 ·

66 506 178 663 ftersa
194 583 289 655 nube
306 583 467 673 malitia,
492 583 554 655 vel
568 580 716 675 sentire,
743 585 805 655 vel
817 584 1036 680 intelligere,
1062 586 1127 661 vel

67 684 231 778 cogitare
242 678 381 774 potest,
408 682 528 755 omnia
542 681 643 755 Deus
661 681 723 774 fit,
747 703 815 755 nec
832 684 925 755 ultra
940 684 1012 775 jam
1030 684 1141 783 aliud,¹

68 781 201 873 aliquid
215 781 277 853 nin
291 781 410 854 Deum
431 781 576 873 videat,
600 780 720 855 Deum
739 795 887 873 teneat,
914 784 1029 856 omnis
1047 792 1141 859 moi

64 893 128 953 tus
148 878 198 952 sui
216 880 315 951 Deus
334 879 461 953 modus
481 880 514 952 &
531 878 692 953 mensina
707 879 777 969 fit3
804 880 900 953 &ita
918 882 988 954 erit
1005 884 1141 957 omnia¹

63 976 194 1053 Deus:
230 1000 306 1051 non
330 980 422 1051 enim
440 980 512 1073 jam
533 980 628 1051 ultra
649 980 738 1053 boni
762 981 914 1072 malique
934 980 1136 1084 discretior

66 1080 151 1171 quia
162 1100 332 1169 nusquam
348 1080 495 1151 malum:
521 1080 641 1153 omnia
655 1080 749 1153 enim
764 1078 864 1151 Deus
884 1078 952 1171 est,
979 1082 1037 1153 cui
1050 1080 1136 1173 jam'

65 1197 145 1250 non
166 1176 303 1268 adjacet
320 1178 467 1251 malum:
491 1200 560 1250 nec
579 1181 674 1252 ultra
694 1200 739 1251 ex
758 1179 893 1259 anbore¹
910 1178 1042 1254 sciendi
1055 1183 1127 1255 bo·

64 1296 153 1351 num
169 1276 202 1348 δι
216 1279 346 1349 malum
360 1278 572 1353 manducare
589 1276 841 1371 concupiscet,
868 1278 927 1369 qui
939 1278 1074 1372 semper
1084 1280 1138 1351 in*

63 1376 170 1449 bono
185 1374 263 1466 est,
297 1374 404 1447 &cui
428 1376 662 1457 omniaDeus
678 1376 739 1451 est.
791 1377 850 1449 Sic
869 1397 956 1473 ergo
978 1374 1058 1450 finis
1079 1378 1125 1453 ad

62 1474 277 1569 principium
293 1492 495 1568 reparatus,
523 1476 687 1549 &rerum
701 1478 817 1550 exitus
831 1477 983 1549 collatus
997 1478 1123 1571 initiis,

62 1572 230 1649 restituet
246 1575 343 1647 illum
358 1573 485 1648 statum
508 1598 613 1665 quem
629 1590 716 1648 tunc
731 1576 857 1649 habuit
868 1588 995 1649 natura
1013 1578 1124 1649 ratio·

61 1674 213 1767 nabilis,
238 1694 319 1746 cum
333 1674 377 1746 de
392 1676 491 1771 ligno
507 1673 639 1747 sciendi
654 1677 791 1748 bonum
807 1674 842 1745 &
857 1676 987 1748 malum
1002 1696 1123 1749 come·

61 1772 150 1846 dere
168 1794 244 1846 non
268 1774 421 1868 egebat,
454 1787 497 1845 ut
515 1788 639 1845 amoto
662 1775 761 1847 omni
783 1772 923 1847 malitiae
940 1771 1059 1867 sensu,
1087 1772 1129 1863 &¹

61 1872 109 1945 ad
131 1872 301 1947 sincerum
326 1891 525 1964 purumque
553 1870 718 1965 deterso,
757 1874 851 1945 solus
876 1871 936 1963 qui
958 1872 1009 1944 est
1029 1868 1131 1965 unusJ

60 1974 184 2045 bonus
200 1970 302 2043 Deus
321 1972 380 2043 hic
402 1972 435 2044 ei
451 1967 515 2044 fiat
531 1973 672 2066 omnia,
705 1972 739 2045 &
762 1994 839 2043 non
859 1971 896 2042 in
916 1970 1039 2067 paucis
1061 1972 1122 2044 ali·

63 2073 190 2165 quibus
208 2072 271 2143 vel
288 2071 475 2164 pluribus,
508 2067 567 2143 sed
588 2071 626 2145 in
645 2071 810 2145 omnibus
834 2068 907 2163 ipse
923 2069 966 2143 fit
987 2071 1119 2147 omnia.

62 2171 154 2245 Cum
171 2172 244 2264 jam
263 2191 435 2261 nusquam
454 2190 576 2262 mors,
610 2192 783 2263 nusquam
806 2170 948 2243 aculeus
967 2170 1133 2263 mortis,'

60 2293 235 2363 nusquam
259 2272 408 2343 omnino
429 2271 581 2362 malum,
608 2286 696 2345 tunc
719 2292 806 2343 vere
819 2269 921 2341 Deus
940 2270 1060 2342 omnia
1075 2268 1120 2347 ¹in

64 2374 232 2447 omnibus
248 2370 325 2442 erit.
374 2368 513 2443 Verum
527 2368 625 2445 istam
637 2366 896 2463 perfectionem
909 2367 1119 2449 acbeatitu-

62 2472 182 2546 dinem
193 2468 458 2542 rationabilium
471 2466 805 2569 creaturarum(*),
820 2468 884 2541 vel
897 2480 1119 2563 naturarum,

811 2576 827 2629 ·'
885 2634 891 2645 .
1016 2568 1068 2641 ita

113 2764 173 2867 (*)
200 2772 268 2840 Nec
281 2768 405 2840 dubium
423 2768 463 2865 efl
475 2770 557 2866 quin
574 2766 637 2867 past
656 2768 794 2865 quadam
812 2766 986 2841 internata
1004 2782 1120 2863 tempa-

61 2893 134 2941 rum
152 2869 258 2957 rursus
277 2872 411 2940 materia
423 2867 589 2964 subsistat,
620 2864 660 2943 (5
676 2870 919 2965 corporalium,
946 2862 987 2945 O*
1004 2868 1120 2937 mnndi

61 2970 225 3065 divarfitas
249 2969 443 3066 conflruatur
457 2985 583 3064 propter
603 2969 715 3037 varias
736 2969 919 3039 voluntates
938 2967 1119 3039 raimba-

60 3070 140 3142 lium
155 3069 371 3139 creaturarum
387 3094 451 3165 qua
463 3071 528 3165 past
538 3064 709 3161 perfectam
728 3068 954 3141 beatitudinem
964 3091 1060 3163 usqua
1075 3068 1117 3138 ad

51 3174 155 3264 finem
172 3175 311 3239 amnium
329 3194 431 3239 rarum
444 3168 598 3265 paulatim
618 3168 658 3237 ad
676 3166 833 3260 inferiora
848 3165 974 3261 delapfia
986 3181 1117 3239 tantam
1226 3166 1230 3183 ’

60 3272 219 3341 malitiam
240 3283 433 3365 receperunt,
460 3285 498 3338 nt
519 3272 555 3335 in
576 3276 773 3338 contrarium
787 3283 1014 3353 cantarentur,
1042 3266 1118 3359 dunt

60 3362 180 3442 nolunt
194 3370 324 3458 servare
345 3372 561 3465 principium,
591 3367 863 3463 &incorruptam
887 3366 1118 3439 beatitudinem

54 3468 217 3571 paffldere.
268 3472 337 3541 Nec
361 3471 416 3540 boc
440 3468 643 3561 ignorandum
677 3470 756 3565 quad
781 3468 887 3537 multa
912 3468 1116 3539 rationabiles

60 3588 208 3643 creatura
230 3569 320 3666 usqua
339 3569 379 3640 ad
395 3570 564 3657 secundum
579 3567 617 3645 U
640 3570 769 3638 tertium
787 3566 826 3647 (ὅ
844 3587 994 3665 quartum
1016 3592 1115 3637 mun.

57 3675 132 3743 dum
146 3672 279 3761 servent
301 3674 520 3765 principium,
552 3692 607 3737 nec
627 3673 800 3739 mutationi
824 3674 861 3737 in
879 3669 915 3757 sa
936 3666 1033 3739 locum
1051 3670 1112 3737 tri·

57 3772 178 3867 buant3
199 3769 270 3843 alia
280 3794 354 3844 veta
370 3785 436 3843 tam
447 3790 561 3870 parum
578 3768 613 3835 de
629 3758 761 3869 pristim
771 3769 859 3873 flatu
873 3764 1115 3863 antiffiaraessnt,

585 3862 674 3969 T3
945 3884 948 3889 ·
1040 3877 1084 3937 nt
