2498 4254
85 118 297 235 2n'.n
395 102 804 225 oeternis

84 310 323 407 intelligentes
339 306 439 401 quod
458 304 628 401 subjecto
650 306 779 393 Christi
798 308 843 383 ad
864 322 1002 404 patrem
1026 313 1142 395 beati.

84 411 246 485 ordinem
265 406 395 483 nostrae
417 406 646 501 perfeetionis
662 406 844 503 ostendit,
869 410 904 483 u
923 410 1073 506 suscepti
1093 415 1140 489 ab

85 509 268 603 cooperis
286 510 438 601 palmam
457 506 639 600 declarat,
665 528 747 583 cum
764 528 842 582 nou
858 508 970 585 solum
989 514 1140 607 regendi

85 626 130 685 at
145 610 314 705 regnandi
331 606 496 681 summam
517 626 620 698 quam
642 607 680 679 in
702 607 900 683 universam
923 612 1140 687 emendave-

83 708 135 785 rit
153 722 373 799 creaturam,
404 706 652 780 verumetiam
668 707 882 781 obedientie
901 708 937 781 &
952 707 1139 804 subjectio·

84 808 143 887 nis
158 806 318 882 comesta
335 820 566 899 reparataque
579 806 721 879 humani
737 808 877 903 generis
892 810 985 901 patri
1004 808 1139 884 offerat

83 905 256 987 instituta.
307 904 343 979 Si
357 924 443 1001 ergo
458 904 602 977 bona&
617 901 774 979 salutaris
791 908 963 1001 accipitur
982 908 1045 982 ista
1060 908 1139 983 sub·

82 1006 195 1101 jetiio
222 1028 290 1099 qua
313 1002 491 1096 subjectus.
512 1000 581 1077 ell'e
605 1003 735 1077 dicitur
758 1002 851 1079 filius
875 1007 991 1099 paui,
1027 1009 1138 1083 valde

86 1102 309 1197 consequeus
324 1102 556 1177 &coherens
574 1102 682 1176 estut
698 1108 732 1176 dt
750 1104 977 1179 inimicorum
993 1128 1072 1199 quae
1086 1108 1138 1180 di·

86 1207 182 1279 citur
196 1202 273 1277 filio
292 1202 362 1275 Dei
384 1198 453 1275 elle
473 1200 664 1295 subjefflo,
689 1202 846 1277 salutaris
861 1205 1017 1295 quedam
1031 1206 1138 1280 intel·

85 1304 267 1401 ligatur&
288 1302 383 1373 utilis
394 1300 472 1375 t'ut
490 1301 579 1375 licut
596 1322 677 1375 cum
691 1302 929 1375 diciuudilius
945 1304 1039 1396 patri
1057 1297 1137 1378 sub·

80 1401 219 1499 jutius,
244 1400 401 1493 perfecta
416 1398 590 1473 uniuersa
605 1415 775 1474 creaturae
789 1401 964 1477 restitutio
981 1403 1137 1477 declara·

84 1516 166 1592 tur,
192 1503 242 1574 ita
262 1495 440 1573 cumfilio
457 1499 531 1573 Dei
550 1500 682 1573 inimici
699 1500 865 1573 dicuntur
880 1500 1134 1597 effe-subjecti,

84 1598 324 1775 {ilrbjedtorum
337 1596 426 1672 salus
441 1598 789 1696 incointelligatur,
815 1601 1044 1695 &reparatio
1055 1622 1137 1698 per·

121 1715 254 1775 torum.
428 1757 432 1765 .

161 1810 193 1879 8.
217 1799 357 1873 Verum
374 1798 482 1871 certis
499 1796 698 1889 quibusque
715 1797 902 1893 demodis,
932 1798 967 1871 dt
986 1797 1141 1891 discipli·

83 1898 164 1991 nis',
195 1896 230 1972 o
251 1899 473 1993 temporibus
490 1896 659 1989 subiectio
679 1896 743 1970 ista
760 1898 1021 1990 complebitur:
1054 1918 1135 1973 nou

82 1997 285 2079 necestitate
307 1998 424 2088 aliqua
444 1996 488 2070 ad
513 1994 765 2089 subjectionem
785 2010 969 2093 cogente,
1002 2018 1050 2071 ne
1068 2016 1136 2091 per

84 2102 160 2173 vim
173 2095 330 2171 subditus
342 2095 406 2171 liat
423 2097 538 2170 omnis
550 2095 701 2169 mundus
716 2094 823 2188 Deo,
849 2092 908 2169 sed
926 2096 1063 2188 verbo,
1081 2116 1136 2168 ra·

83 2200 207 2290 tione,
235 2195 415 2288 (luchina,
429 2197 699 2287 provocatione
717 2196 923 2289 meliorum,
943 2194 1136 2269 institutio-

82 2298 188 2377 nibus
213 2295 383 2388 optimis,
418 2294 755 2367 comminationibus
783 2314 926 2385 quoque
953 2295 1068 2391 dignis
1099 2294 1136 2367 dc

84 2395 399 2488 competentibus,
437 2413 514 2485 quae
528 2393 619 2485 iuste
635 2394 839 2466 immineant
856 2394 910 2466 his
933 2396 992 2485 qui
1014 2393 1134 2467 salutis

83 2492 295 2571 &utilitatis
309 2489 769 2584 suaecuramsanitatemque
782 2505 1027 2568 contemnunt.
1058 2492 1135 2565 De·

83 2598 191 2686 nique
208 2593 324 2666 &nos
343 2592 506 2665 honines
525 2613 606 2666 cum
621 2592 682 2665 vel
693 2590 838 2684 servos,
863 2595 926 2665 vel
945 2589 1037 2665 filios
1054 2611 1134 2663 eru-

83 2698 219 2787 dimus,
252 2693 336 2766 dum
366 2692 482 2765 adhuc
506 2712 571 2785 per
596 2706 737 2765 aetatem
766 2691 914 2765 rationis
946 2692 1133 2783 incapaces

81 2796 185 2888 sunt,
210 2793 313 2868 minis
331 2812 396 2865 eos
412 2791 446 2864 dc
461 2804 561 2865 metu
576 2811 804 2865 coercemus:
831 2810 911 2864 cum
922 2810 1014 2864 vero
1027 2790 1134 2885 boni,

81 2898 205 2988 utilis,
238 2892 273 2966 ds
293 2890 433 2965 honesti
454 2890 721 2986 intelligentiam
743 2890 930 2983 ceperint,
963 2903 1039 2963 tum
1059 2892 1134 2982 jam

84 2995 238 3073 cessante
262 2992 457 3065 verberum
480 3002 598 3083 metu,
622 2990 739 3062 verbo
766 3010 807 3062 ac
830 2990 973 3061 ratione
985 2987 1068 3061 suasi
1089 2990 1135 3063 ad

84 3098 206 3172 omnia
224 3114 302 3185 quae
318 3094 416 3165 bona
434 3088 541 3181 sunt,
573 3087 808 3181 acquiescunt
858 3089 1058 3187 Quomodo
1073 3112 1142 3163 au·.

82 3209 159 3271 tem
174 3192 313 3267 servata
328 3192 370 3264 in
387 3189 551 3262 omnibus
566 3187 833 3261 rationabilibus
855 3188 1025 3259 creaturis
1043 3189 1135 3263 arbi·

81 3296 143 3371 nii
164 3294 330 3365 libertate
351 3287 593 3380 unusquisque
618 3289 746 3361 debeat
768 3284 973 3379 dispensari,
998 3286 1131 3383 idest,

82 3413 177 3489 quos
195 3392 298 3465 velut
310 3392 382 3483 jam
392 3399 536 3482 paratos
555 3387 589 3459 dc
606 3404 753 3479 capaces
770 3385 883 3461 sermo
898 3384 971 3460 Dei
979 3385 1018 3459 ·&
1029 3388 1133 3462 inve·

80 3495 159 3585 piat
176 3492 211 3565 dt
229 3490 407 3580 instituat,
433 3508 524 3579 quos
541 3498 659 3561 autem
673 3486 815 3560 iuterim
829 3482 993 3578 differat,
1018 3508 1040 3558 a
1056 3490 1132 3579 qui-

66 3576 149 3673 x'bus
160 3611 253 3663 vero
267 3592 409 3683 penitus
423 3588 648 3678 occultetur,
661 3584 695 3659 &
706 3587 814 3681 longe
829 3606 954 3657 eorum
969 3607 990 3657 a
1002 3584 1038 3657 se
1051 3582 1132 3663 freti

79 3689 254 3785 dispenset
269 3690 444 3780 auditum,
471 3704 632 3779 quosque
642 3682 778 3757 nulum
793 3698 1068 3759 contemnentes
1078 3688 1131 3760 in·

80 3796 237 3877 dicautm
254 3788 317 3867 ubi
334 3787 612 3891 &predicatus
632 3787 785 3867 verbum
800 3781 874 3863 Dei
890 3786 1148 3961 correptionis
