2498 4254
85 156 157 241 ns
273 100 825 266 fifflonuuuurs
885 136 957 199 ιι

84 318 193 399 atque
212 294 474 398 insrplentiliimi
495 302 722 379 videbuntur
785 302 918 379 Nullus
943 304 1041 381 enim
1065 304 1171 392 hoe

84 405 253 502 negabit,
282 403 348 475 nisi
365 404 408 476 s1t
430 405 474 475 ab
493 402 592 475 omni
613 402 815 476 eruditione
828 407 977 496 penitus
989 407 1171 481 alienus

78 506 123 580 Si
147 524 241 576 vero
265 501 456 575 secundum
480 499 516 573 id
539 501 637 591 quod
661 504 879 593 consequens
904 503 957 577 est
980 504 1137 578 dixerint
1169 571 1171 577 .

85 608 167 697 quia
190 616 298 675 omne
319 622 451 715 corpus
479 613 582 671 certo
604 600 722 693 aliquo
746 603 869 675 habitu
890 601 1132 697 deformatur,
1169 601 1171 632 ³

84 704 304 795 requiremus
328 702 371 771 ab
389 701 438 773 eis
458 700 483 772 Γι
503 697 647 793 possunt
661 701 766 772 nobis
784 700 951 793 spiritalis
970 700 1131 797 corporis

84 804 244 878 habitum
260 798 499 873 demonstrare
515 812 629 890 atque
643 799 863 874 describere:
896 802 998 893 quod
1013 800 1132 894 utique

80 904 197 976 nullo
202 900 314 973 modo
330 898 450 971 facere
464 912 649 1011 poterunt.
699 898 767 971 Sed
785 899 822 972 &
833 898 1060 973 differentias
1076 920 1131 973 eo·

80 1016 166 1073 rum
193 999 263 1090 qui
282 998 505 1097 resurgunt
486 998 710 1087 inquiremus
741 1001 802 1071 ιιι
819 995 881 1073 eis.
934 1000 1130 1094 Quomodo

83 1099 282 1173 ostendent
290 1118 417 1170 verum
442 1095 512 1168 else
534 1097 632 1169 ιιιιιιιι
628 1098 736 1187 quod
755 1097 884 1170 dissum
903 1096 955 1170 est
973 1100 1057 1189 quia
1073 1100 1130 1171 ιιιι

82 1218 156 1271 curo
169 1199 351 1283 volucrum,
376 1199 443 1267 alia
450 1189 603 1292 pijkium,
628 1196 666 1273 (ι
680 1220 804 1293 corpora
821 1198 946 1295 calestia
959 1198 1000 1275 U
1013 1220 1129 1297 corpm

81 1300 261 1396 terrestria,
281 1289 334 1385 [ιιι
350 1298 416 1367 alia
438 1300 561 1394 quidem
582 1298 740 1392 celestium
751 1300 871 1391 gloria,
897 1299 965 1369 alia
978 1324 1056 1370 vero
1072 1316 1129 1371 ter·

84 1399 246 1495 'restrium¹
272 1399 338 1467 alea
344 1398 446 1490 glorta
456 1397 551 1484 solis,
575 1397 640 1470 elsa
650 1399 752 1483 suna,
779 1397 1034 1494 uliaflesarum:
1050 1398 1128 1495 stass
1156 1399 1160 1410 ’

80 1520 105 1571 ἰι
109 1498 199 1595 flesti
213 1495 351 1587 differt
337 1520 374 1565 m
386 1496 505 1588 gloria,
526 1502 584 1566 ita
594 1496 632 1571 (⁸7
646 1495 826 1585 resurressio
840 1504 1054 1569 mortuorum?
1077 1496 1128 1569 St·

85 1597 242 1671 cundum
264 1595 377 1669 istam
382 1613 468 1690 ergo
488 1593 777 1688 consequentiam
797 1594 987 1671 'caelestium
1006 1616 1127 1691 corpo·

80 1704 162 1769 tum
179 1694 367 1768 ostendant
381 1696 486 1766 nobis
504 1692 719 1768 differentias
733 1696 854 1792 gloriae
870 1716 999 1769 eorum
1009 1697 1068 1788 qui
1081 1715 1127 1767 re·

82 1796 254 1895 surgunt,
290 1796 326 1866 ιιι
347 1794 372 1866 fi
393 1795 468 1865 ullo
490 1814 619 1888 genere
643 1797 765 1868 conati
787 1794 922 1866 fuerint
945 1794 1125 1869 secundum

77 1889 289 1989 ·culeili'um
285 1903 497 1987 'corporum
514 1892 730 1966 differentias
759 1896 909 1986 aliquam
930 1896 1124 1991 excogitare

73 1996 285 2085 'rationem
324 2012 517 2084 queremus
536 1996 579 2064 ab
602 1993 651 2065 eis
671 2010 712 2064 ut
729 1995 834 2067 etiam
857 1992 1051 2067 secundum
1067 2006 1125 2065 ter·

79 2114 255 2165 senorum
270 2112 464 2203 corporum
477 2095 781 2183 comparationem
798 2090 1016 2165 differentias
1027 2090 1124 2165 resur¹

78 2190 250 2263 redionis
273 2182 450 2283 assignent.
486 2190 584 2261 Nos
598 2212 688 2264 vero
704 2193 754 2263 ita
769 2192 1019 2287 intelligimus,
1040 2184 1123 2283 quod

84 2291 225 2362 volens
233 2286 431 2379 Apostolus
450 2286 667 2382 describere,
686 2303 817 2381 quanta
831 2289 917 2363 esset
937 2286 1125 2363 differentia
1166 2311 1171 2350 ι

85 2408 212 2460 eorum
226 2408 286 2483 qur
277 2385 502 2481 resurgent
492 2410 528 2458 m
539 2390 672 2482 glorie
689 2390 725 2461 id
741 2390 792 2463 est
806 2388 1018 2483 fundorum,
1040 2408 1124 2462 com·

78 2488 312 2581 parationem
325 2487 454 2558 caeleit'
429 2492 517 2559 ιιιιιιι
542 2508 737 2581 corporum
760 2488 875 2562 sumsit
892 2488 1036 2561 dicens:
1059 2486 1125 2561 Alis

80 2590 182 2680 gloria
202 2588 303 2675 solis,
330 2589 395 2655 elia
416 2588 516 2678 gloria
540 2587 639 2671 luna,
663 2590 728 2659 alia
749 2589 850 2681 gloria
870 2589 1040 2684 flesarum.
1083 2582 1126 2659 Et
1167 2600 1171 2605 '

78 2687 214 2757 ¹iterum
234 2687 364 2757 volens
389 2683 606 2757 differentias
629 2707 755 2759 eorum
780 2688 913 2760 docere
937 2688 1056 2779 quiin
1069 2686 1126 2759 hae

84 2785 163 2855 vita
177 2805 254 2854 non
274 2786 459 2878 expurgati
475 2783 517 2855 ad
529 2785 820 2859 resurredionem
831 2788 1006 2880 venient,
1033 2786 1069 2857 id
1084 2780 1126 2857 est

83 2898 323 2976 peccatores,
357 2883 400 2954 de
426 2886 576 2957 terrenis
602 2882 706 2958 sumit
732 2885 961 2979 exemplum,
995 2886 1126 2959 dicens:

83 2986 296 3077 eucarpum
311 2984 490 3069 volucrum,
516 2982 581 3053 asia
591 2991 734 3077 piscium
788 2984 908 3078 Digne
921 2980 1127 3057 etenimstll·
1159 3022 1164 3029 ·

85 3081 148 3154 ens
159 3081 320 3173 caelestia,
340 3095 482 3153 terrena
491 3084 741 3173 peccatoribus
752 3095 1015 3175 comparantur
1050 3073 1127 3155 Hu'c

86 3181 227 3283 quidem
238 3179 404 3252 dislasrnt
412 3179 577 3253 adversus
593 3204 656 3252 eos
670 3203 728 3273 qur
720 3180 1038 3255 ressuredlionem
1045 3197 1128 3299 mot·

84 3276 250 3374 tuorum,
275 3280 312 3351 id
329 3279 401 3372 est,
427 3279 719 3352 resrsrredlionem
734 3299 931 3373 corporum
945 3286 1120 3377 negant'

161 3398 193 3467 3.
218 3376 329 3449 Nunc
344 3399 435 3449 vero
448 3376 648 3452 sermonem
665 3382 913 3452 convertimus
926 3380 971 3453 ad
984 3376 1133 3453 nonnul·

84 3476 142 3547 los
167 3474 395 3568 nostrorum,
424 3479 483 3568 qui
514 3477 577 3548 vel
601 3494 670 3571 pro
695 3476 896 3551 intelledlus
922 3480 1133 3573 exiguitate,

84 3576 147 3644 vel
180 3576 476 3666 explanationis
468 3578 611 3668 inopia,
638 3579 744 3650 valde
768 3579 878 3649 vilem
905 3577 939 3650 u
965 3574 1134 3669 abjetluu

82 3669 220 3744 sensum
239 3671 282 3744 de
297 3673 553 3747 resurreslione
568 3680 731 3766 corporis
744 3676 992 3751 introducunt
1035 3678 1135 3773 Quot

83 3773 366 3868 interrogamus,
392 3774 580 3866 quomodo
604 3776 806 3874 intelligant
829 3776 982 3853 animale
1008 3792 1137 3891 corpu

545 3927 548 3934 -
980 3876 1093 3973 gratia
