2498 4254
302 176 901 267 Deoaa‘moue
1005 150 1136 301 ⁵⁴⁶?

74 362 112 419 to
125 343 246 432 diebus,
263 372 300 418 oc
312 341 696 443 quodmgiutouoiiiius,
718 366 835 441 penem
846 370 915 417 uon
926 340 1136 441 meaos,

74 446 115 523 U
128 471 242 543 oquom
256 472 319 516 uon
332 447 415 534 bibi,
433 468 493 543 pro
507 446 652 516 omnibus
663 453 799 543 peccetis
813 447 943 543 vestris,
960 470 1029 544 qua
1036 469 1137 545 pecco·

65 547 138 644 flio.
190 541 240 616 Et
250 547 291 618 in.
302 541 448 619 Esthert
474 547 692 619 Mordocioaeus
707 549 885 642 deprecatus
897 546 937 643 eJi
948 549 1137 641 Dominum,

74 668 190 717 memor
204 651 343 715 omnium
355 668 478 743 operum
493 651 646 735 Domini,
659 644 700 721 d
708 647 809 718 dixit:
829 650 978 735 Domine,
999 652 1150 725 Domine¹

75 771 133 818 rex
145 751 361 840 omnipotens:
389 749 453 843 ipfia
466 772 583 845 quoque
599 748 945 845 Eflberdeprecobotur
965 752 1140 829 Dominum
1218 780 1221 789 ¹

75 849 182 917 Deum
207 847 298 935 lsrael
322 846 449 917 diceus:
478 850 616 919 Domine
640 868 697 917 rex
712 848 824 943 noster.
873 847 1032 921 Secundi
1046 844 1137 944 (no-

71 943 208 1042 minis)
230 946 395 1038 exempla
421 948 461 1019 in
483 945 657 1020 Daniele:
690 944 737 1019 Et
749 948 842 1044 flans
857 948 1001 1019 Aurios
1027 951 1138 1019 oravit

70 1044 131 1141 fio:
157 1048 195 1122 (t
221 1051 365 1142 operiens
389 1072 422 1115 os
444 1045 536 1133 [uum
560 1052 597 1116 in
621 1048 719 1117 medio
742 1053 848 1141 iguis,
880 1049 976 1122 dixit.
1028 1042 1078 1119 Et
1100 1048 1139 1120 in

10 1184 33 1233 e
75 1142 220 1219 Tobie:
249 1147 296 1217 Et
311 1152 405 1215 oravi
426 1170 493 1215 cum
513 1149 615 1218 dolore
631 1148 755 1218 dicens:
776 1147 879 1244 justus
900 1172 932 1219 es
946 1149 1084 1219 Domine
1098 1144 1140 1223 ii*

74 1264 181 1327 mio
194 1267 282 1341 opero
301 1264 382 1333 tuo,
407 1270 512 1317 omnes
536 1253 598 1317 vio
619 1262 682 1317 tuo
703 1248 911 1336 misericordia
931 1244 970 1322 d
993 1251 1137 1334 veritae,

74 1340 114 1421 (d
123 1348 279 1439 judicium
293 1368 407 1416 uerunt
417 1342 456 1421 d
463 1346 581 1444 justum
593 1364 630 1415 tu
637 1342 765 1449 judicos
781 1353 819 1416 iu
827 1348 984 1437 foculum.
1035 1349 1146 1445 Quo·-

75 1445 172 1518 niam
199 1465 291 1517 vero
312 1447 417 1517 locus
439 1466 484 1517 ex
511 1445 667 1519 Daniele
693 1448 822 1519 citatus
844 1448 958 1520 obelo
987 1457 1138 1519 notatus

76 1541 148 1633 est,
175 1543 273 1634 quod
293 1544 329 1616 in
347 1540 512 1618 Hebraeo·
530 1566 608 1618 non
627 1544 761 1629 exstet,
788 1548 990 1636 librumque
1008 1544 1140 1618 'l‘obiae

72 1644 241 1733 rejiciunt
263 1641 376 1736 Judaei
398 1644 493 1734 quasi
520 1664 598 1717 non
623 1647 858 1720 canonicum:
893 1645 1066 1740 adducam
1092 1662 1139 1716 ex

73 1743 193 1835 primo
216 1740 356 1838 Regum
383 1743 472 1815 illud
495 1743 630 1817 Annae:
661 1750 783 1815 Oraoit
803 1747 845 1817 od
863 1748 1038 1817 Dominum
1056 1740 1139 1836 tiens

73 1843 227 1934 largiter,
253 1850 292 1918 (Ἰ
304 1859 413 1912 votum
430 1852 523 1913 vovit
540 1847 665 1913 dicem:
691 1848 828 1917 Domine
845 1848 1037 1915 exereituum
1053 1842 1139 1931 firo-

68 1941 691 2036 spioiemviderisoffliiiionemfomuiae
708 1960 788 2028 tuae3
815 1944 1011 2035 &reliqua
1046 1939 1140 2017 Item

72 2043 112 2113 in
126 2039 315 2135 Habacuce
344 2047 456 2113 Oratio
473 2042 781 2141 Hodooucpropioetae
793 2048 1008 2129 commatico,
1027 2046 1140 2112 Domi·

72 2166 129 2232 oie,
145 2142 258 2209 audivi
275 2158 484 2228 vocemtum,
503 2141 542 2219 (5
558 2149 664 2214 timui.
717 2147 857 2215 Domine
870 2143 1062 2238 confideroui
1073 2160 1140 2238 ope·
1228 2176 1231 2185 Δ

74 2266 114 2314 ro
130 2257 198 2326 tuo,
214 2237 253 2316 (J
263 2241 407 2339 obstupui.
435 2246 476 2315 ln
483 2244 580 2313 medio
594 2246 726 2313 duorum
738 2245 927 2314 animalium
937 2238 1137 2335 cognoscerii:

75 2365 147 2412 oum
156 2345 488 2436 oppropinquoveoint
497 2347 591 2430 anni,
603 2349 784 2437 cognosceris
822 2344 908 2416 Haec
917 2354 1037 2415 autem
1052 2336 1139 2413 defi·

72 2442 254 2515 nitionem
266 2443 442 2514 orationis
456 2443 573 2516 valide
589 2445 742 2536 probat,
767 2444 962 2535 quodcum
980 2441 1051 2513 Dei
1067 2440 1140 2513 lau·

74 2541 180 2614 dibus
199 2537 389 2631 conjuniia
414 2542 457 2616 fit
478 2545 609 2617 oratio.
662 2542 788 2616 Sed&
814 2544 851 2614 in
874 2541 990 2636 Jona:
1018 2543 1141 2611 Ooooit
1192 2570 1195 2579 ·

77 2642 236 2738 Juoosod
255 2644 431 2711 Dominum
453 2648 554 2712 Deum
572 2644 665 2727 suum
681 2644 717 2713 de
733 2644 947 2727 veterrimi,
972 2639 1012 2715 (5
1027 2641 1138 2713 diuite

75 2743 215 2810 clamavi
229 2744 267 2809 iot
283 2740 487 2811 tribulatione
502 2767 567 2812 meo
582 2745 622 2812 od
640 2746 817 2813 Dominum
835 2746 938 2813 Deum
953 2764 1072 2824 meum,
1098 2735 1139 2813 θ’

76 2841 246 2911 exaudivit
265 2860 334 2924 me,·
359 2840 395 2909 de
412 2856 528 2911 uentre
542 2841 644 2933 inferi
661 2842 804 2913 clamoris
820 2846 883 2912 mei
900 2839 1014 2936 audisti
1034 2860 1139 2909 vocem

74 2952 208 3032 meom3'
229 2939 387 3035 projecisti
410 2965 457 3010 me
474 2946 522 3010 'iu
547 2940 714 3036 profundo
744 2942 844 3011 cordis
867 2942 983 3025 morio,
1015 2935 1055 3013 ὕ
1073 2936 1139 3034 flu·

74 3044 167 3109 mino
191 3063 238 3108 me
262 3040 542 3111 circumdederunt.
604 3038 722 3112 Tertii
748 3041 906 3114 nominis
932 3038 1140 3127 exemplum·

75 3136 129 3212 est
152 3136 245 3229 apud
268 3136 486 3229 Apostolum
513 3140 572 3231 qui
596 3137 779 3213 rediffime
799 3140 907 3212 nobis
932 3138 1139 3209 orationem

74 3238 227 3329 tribuit,
254 3234 535 3329 postulationem
559 3235 725 3332 Spiritui,
760 3238 886 3329 utqui
914 3232 1139 3329 praestantior

72 3338 141 3430 fit,
175 3336 208 3408 d
234 3331 403 3410 fiduciam
429 3338 561 3410 habeat
585 3337 680 3430 apud
706 3358 788 3412 eum
814 3358 834 3410 a
860 3356 934 3427 quo
959 3332 1138 3431 postulet:

75 3440 167 3512 Nom
184 3439 260 3534 quid
273 3460 412 3525 oremus,
437 3438 573 3527 inquit,
588 3436 673 3534 ficut
690 3453 811 3535 oportet
824 3437 998 3525 oredimus,
1017 3434 1073 3523 sed
1088 3438 1137 3531 ip-

68 3540 106 3629 se
125 3537 259 3634 spiritus
272 3537 405 3634 poftuiot
427 3538 591 3630 gemitibus
607 3537 895 3609 inenarrabilibus.·
936 3538 1007 3630 Qui
1030 3551 1137 3606 autem

69 3639 241 3728 scrutatur
255 3638 364 3725 cordo,
385 3642 448 3727 soit
461 3638 536 3730 quid
549 3638 693 3733 desideret
696 3640 857 3736 spiritus.-
880 3638 957 3732 quio
965 3635 1136 3724 seeundum
1216 3670 1219 3675 ·

76 3742 187 3810 Deum
198 3736 334 3832 postulat
354 3758 410 3834 pro
422 3734 559 3826 [anilis.
610 3736 707 3810 Nam
728 3733 990 3833 superpostulat
1012 3734 1048 3807 do
1071 3754 1136 3825 po>

74 3835 183 3913 stulat
199 3835 361 3934 spiritus,
385 3856 456 3915 uos
477 3855 596 3914 autem
611 3852 766 3915 oramus.
814 3833 1015 3912 Postulatio
1029 3835 1137 3909 etiam

179 3984 183 3993 -
576 3933 614 4013 G
629 3955 654 4037 g
676 3957 699 4011 a
990 3927 1107 4004 idue
