2498 4254
294 173 391 255 DE
440 154 911 258 ORATIONE(
1051 204 1130 282 5499

66 340 236 421 omnibus
259 342 319 432 qui
339 350 492 432 portent
512 344 677 434 imaginem
698 339 821 437 celestis
838 339 1005 436 adeoque
1029 344 1130 418 caele·

62 439 133 515 stes
154 438 272 513 effebi
294 440 385 517 sunt,
689 464 693 469 ·

138 561 195 628 23.
224 539 318 613 Cum·
347 539 479 611 dicitur
506 535 706 612 santionem
730 550 833 632 pater
854 536 924 613 elle
953 540 993 613 iu
1012 541 1130 636 celia,

61 641 218 713 mouille
237 637 346 735 figura
367 659 547 732 corporea
562 638 799 712 circumscribi
817 638 996 731 putandus
1013 637 1077 732 est,
1095 640 1129 715 dc

61 739 220 811 incelis
247 739 418 815 habitare.
470 739 567 812 Nam
594 737 876 832 comprehensus
905 740 1000 811 caelis
1026 739 1128 813 Deus

60 840 337 911 continentibus
363 837 474 931 ipsum
498 839 592 911 caelis
614 838 842 911 inveniretur
867 838 1008 926 minum
1043 859 1128 913 cum

62 956 85 1008 e
105 938 290 1009 contrario
310 940 457 1010 credere
471 934 612 1011 necesse
630 938 673 1011 srt
692 934 867 1009 ineffabili
889 957 971 1011 eum
992 937 1131 1015 diviua·

62 1053 133 1125 que
151 1033 209 1108 sua
235 1035 699 1133 virtutecomprehendete
718 1039 839 1108 omnia
857 1055 898 1108 ac
920 1037 1126 1114 continere.

60 1136 186 1225 Atque
202 1137 238 1207 in
256 1137 462 1210 universum
484 1157 562 1228 qllae
583 1132 697 1209 verba
718 1135 763 1207 ad
789 1135 928 1207 literam
946 1135 1059 1209 sumta
1076 1138 1130 1211 vi

61 1233 194 1306 dentur
212 1234 485 1329 simplicioribus
504 1234 626 1309 Deum
647 1240 685 1308 iu
702 1236 790 1307 loco
816 1233 885 1307 esse
912 1234 1053 1327 dicere,
1080 1234 1129 1310 fic
1158 1245 1162 1251 '

61 1336 272 1426 accipienda
287 1334 367 1407 sunt
379 1350 420 1406 ut
436 1335 571 1431 magnis
588 1331 877 1427 &spiritualibus
898 1333 1045 1407 de'Deo
1061 1354 1127 1407 uo·
1220 1345 1225 1354 “

60 1435 223 1505 tionibus
240 1437 455 1507 conveniat:
481 1435 681 1526 cujusmodi
697 1433 824 1505 suntin
839 1433 994 1527 Joenuis
1006 1430 1129 1507 Euan·

60 1534 158 1629 gello
180 1535 256 1605 haec
281 1536 411 1606 verba:
436 1536 526 1606 Ante
542 1535 623 1606 diem
633 1535 749 1630 fesium
763 1534 883 1627 pascite
896 1534 1001 1645 scien)
1029 1538 1127 1631 Jesss

59 1640 243 1730 quievistis
260 1635 339 1704 dere
358 1648 395 1704 ssi
416 1633 615 1720 transeatur
637 1635 691 1704 isos
708 1637 823 1702 munds
838 1635 880 1702 od
890 1648 1037 1729 petresse:
1059 1658 1128 1703 sum

59 1732 213 1822 dilexiJJer
220 1734 291 1820 suos
307 1739 363 1828 qui
378 1750 472 1804 mant
487 1737 523 1802 ise
538 1735 673 1824 munde,
699 1737 736 1802 iss
742 1734 845 1824 finem
859 1733 975 1803 dilexit
993 1757 1062 1804 ress·
1077 1729 1129 1805 Et
1222 1738 1228 1749 ‘

57 1829 271 1925 paulopost:
297 1835 409 1903 Sciens
432 1836 508 1929 quia
527 1839 635 1903 omnia
658 1835 746 1908 dedit
768 1838 799 1901 ei
810 1849 905 1928 peter
926 1837 962 1901 iss
990 1856 1128 1921 manus,

59 1929 99 2006 ὡ
120 1955 230 2027 quiae
259 1935 327 2002 Dee
345 1938 452 2002 exivit
468 1929 511 2021 ¹&
526 1935 565 2002 ad
588 1936 691 2004 Deum
713 1924 819 2002 vedis.
869 1929 921 2002 Et
938 1929 1021 2026 post
1032 1932 1127 2005 ulia:

59 2031 224 2126 Audistis,
250 2036 323 2127 quia
341 2054 390 2126 ege
407 2033 478 2101 disci
500 2032 605 2103 vebis.-
631 2033 713 2105 veds
733 2029 773 2108 (5
789 2036 885 2101 venie
905 2036 944 2101 ad
964 2054 1034 2109 ves.
1086 2034 1128 2103 Si

59 2132 230 2221 diligeretis
244 2156 312 2222 me,
334 2134 511 2224 gauderetis
528 2139 638 2230 utique
653 2136 728 2229 quie
741 2134 823 2214 vedu
836 2132 877 2202 ed
892 2150 1023 2226 patrem.
1075 2125 1127 2202 Et
1157 2124 1161 2133 ’

58 2233 188 2304 iterum
207 2229 393 2324 postelis:
422 2233 470 2303 Es
487 2256 574 2303 nunc
587 2233 669 2303 vade
688 2235 809 2303 adeum
825 2236 884 2383 jus·
896 2232 977 2326 miſse
992 2256 1059 2320 me,
1085 2226 1127 2307 u

56 2352 146 2402 stemo
172 2357 211 2399 ex
235 2332 324 2400 veiis
349 2339 525 2426 interrogor
552 2356 617 2402 me:
642 2335 834 2429 qusubdis.
865 2330 901 2404 si
926 2331 1021 2403 enim
1047 2331 1126 2403 hoec

58 2429 213 2503 deloco
237 2432 446 2524 accipienda
473 2430 573 2519 ssent,
600 2431 738 2505 scilicet
755 2431 886 2505 eodem
905 2427 1006 2505 seusu
1031 2429 1127 2503 acci·

56 2529 188 2627 pienda
203 2542 310 2602 erunt
324 2530 358 2602 dt
371 2529 453 2604 ista:
482 2532 651 2628 Respondit
668 2531 763 2629 Jesus
776 2532 813 2607 si
829 2535 915 2601 dixit
927 2535 990 2601 eis:
1008 2530 1039 2626 fi
1054 2532 1128 2626 quir

58 2633 165 2721 diligit
182 2655 248 2712 me,
268 2624 441 2724 firmemem
455 2656 554 2703 meum
563 2632 729 2721 servabis,
756 2631 795 2707 di
812 2648 904 2725 peter
920 2655 1005 2699 meres
1017 2628 1128 2723 diliges

58 2753 146 2816 euers,
172 2727 211 2802 θ
228 2726 549 2815 accumbentem,
573 2731 612 2807 (5
637 2732 821 2827 monstenem
839 2731 922 2824 apud
941 2752 1009 2798 esem
1023 2728 1128 2821 faeie-
1213 2788 1217 2797 .

56 2844 135 2900 mus.
187 2827 239 2898 At
252 2846 330 2899 non
352 2828 428 2900 haec
453 2826 545 2902 fiunt
563 2829 608 2902 de
628 2832 717 2903 loco
733 2830 776 2902 ad
793 2832 915 2902 locum
936 2825 1128 2900 intelletio

58 2925 207 3000 transitu
229 2930 339 3018 patris
362 2925 479 2999 &filii
497 2931 540 3001 ad
560 2950 641 3001 eum
668 2930 728 3021 qui
753 2929 954 3002 sermonem
974 2925 1056 3021 Jesu
1073 2925 1128 2997 di·

58 3028 153 3122 ligite
180 3045 266 3120 ergo
290 3044 410 3116 neque
432 3028 562 3121 iliade
587 3028 676 3100 loco
703 3027 912 3121 accipienda
935 3024 1038 3106 sonte
1064 3022 1127 3098 sed
1176 3058 1179 3069 ·

56 3128 165 3202 nobis
187 3124 222 3196 se
247 3135 490 3218 attemperant
514 3128 665 3201 verbum
689 3126 785 3213 Dei,
813 3126 932 3218 &pro
951 3123 1126 3220 dignitate

57 3225 117 3300 sua
135 3222 303 3316 quamdiu
319 3225 413 3320 apud
427 3225 595 3299 homines
611 3223 681 3314 est,
707 3226 951 3314 humiliatum,
979 3223 1126 3297 transire
1148 3280 1155 3291 ,

57 3326 189 3398 dicitur
204 3325 249 3395 de
264 3323 338 3396 hoc
359 3326 497 3397 mundo
519 3326 562 3398 ad
579 3338 737 3418 patrem,
763 3338 806 3399 ut
824 3325 858 3395 de
875 3343 945 3395 nos
959 3323 1033 3394 illic
1047 3342 1135 3415 per.-

56 3422 189 3507 seslum
204 3421 315 3518 ipsum
329 3426 634 3517 contemplemur,
661 3447 681 3496 a
696 3425 878 3496 vacuitate
895 3420 1014 3513 quase
1029 3422 1125 3514 apud

58 3522 129 3619 nds
144 3525 359 3616 evacuavit,
386 3524 428 3596 ad
444 3526 626 3616 propriam
641 3524 904 3618 plenitudinem
919 3521 1125 3595 reversumt

58 3624 122 3694 ubi
141 3621 174 3694 dr
192 3621 256 3715 ips1
273 3642 322 3695 eo
339 3622 432 3696 duce
445 3636 591 3697 utentes
607 3620 872 3716 replebimur&
888 3622 988 3693 omni
1002 3622 1126 3691 vacui·

55 3731 136 3797 ,tate
157 3721 396 3795 liberabimur.
446 3720 567 3796 Abeat
584 3725 692 3817 igitur
724 3721 849 3794 relitlo
876 3719 1014 3794 mundo
1045 3738 1126 3792 ver·

56 3822 144 3897 butu
159 3818 719 3998 Deindeumquiipsumlrinisiu
744 3816 1126 3988 &mmmgdgt'
1210 3878 1214 3887 .

653 3943 679 3998 2
862 3958 867 3966 .
1036 3933 1072 3984 u
