2498 4254
326 183 420 260 on
469 184 919 266 ounrronn.
1074 196 1151 284 em

89 345 227 421 summo
259 344 396 422 artifice
423 347 510 423 Deo
535 349 661 424 frustra
688 348 824 425 factum
849 350 921 443 iit,
959 349 1154 426 admittere

89 460 267 541 cogetur3
304 450 474 541 utrinque
520 448 733 525 offendens:
776 450 851 524 five
889 452 985 525 dicat
1025 461 1149 546 parter

90 548 256 639 corporis
286 546 413 620 frustra
445 568 515 621 nec
539 548 583 623 cd
607 553 792 644 proprium
818 550 1027 648 singulamm
1053 569 1147 645 opus

90 647 141 716 eis
177 664 197 716 a
227 644 314 719 Deo
352 646 451 719 datar
483 646 573 722 eise:
610 650 684 723 five
715 651 811 723 dicat
849 651 985 723 nistera
1020 648 1054 722 dc
1093 668 1150 720 re«

89 741 183 816 tium
207 743 412 818 intestinum
437 749 606 840 proprios
637 748 718 822 usus
749 751 788 821 in
824 748 1019 823 caelestibus
1052 747 1148 822 obti-

88 862 177 914 nere
212 847 454 938 corporibus:
497 845 687 922 stultiiiime
721 860 840 921 autern
874 864 954 944 aget
988 849 1048 941 qui
1079 867 1148 939 pu-

88 944 180 1013 tabit
207 966 249 1016 ea
274 942 464 1018 statuarum
491 966 593 1019 more
621 947 988 1040 humanam'speciem
1012 945 1148 1023 insola

88 1038 293 1132 superficie,
319 1064 397 1117 non
413 1045 520 1119 etlam
538 1047 576 1118 in
597 1048 837 1140 penitioribus
861 1049 1004 1122 habere.
1054 1043 1147 1118 Haec

89 1139 162 1212 dixi
198 1142 282 1216 dum
315 1143 605 1235 genuflexionem
637 1146 805 1241 expendo
837 1147 870 1218 dc
901 1147 989 1219 illud
1012 1146 1151 1225 videon

90 1243 132 1311 ln
150 1249 278 1312 nomine
300 1243 379 1336 Jesu
394 1268 482 1315 omne
491 1269 573 1339 genu
583 1244 731 1342 fleidetur
744 1247 924 1337 celestium,
953 1245 1147 1342 terreflrium

88 1339 128 1416 (5
142 1342 328 1434 inferorum.
379 1343 479 1418 Idem
494 1342 545 1418 est
559 1346 666 1420 etiam
683 1345 780 1441 quod
793 1348 829 1420 in
845 1343 1147 1443 propheta'scrip·

87 1446 168 1513 tum¹
183 1441 252 1516 est:
279 1444 374 1516 Mihi
390 1444 615 1516 incurvabitur
626 1466 714 1517 omne
724 1470 817 1539 genu.
864 1445 979 1518 Porro
998 1444 1148 1517 deloco

85 1538 267 1617 sciendum
297 1543 350 1618 est
379 1544 502 1618 locum
532 1566 679 1619 ornnem
708 1557 830 1639 aptum
862 1545 905 1616 ad
939 1545 1147 1617 orationem

87 1638 179 1713 effici
198 1645 241 1717 ab
258 1642 306 1716 eo
327 1645 387 1736 qui
400 1643 496 1715 recle
523 1656 619 1717 orat:
644 1650 780 1717 namin
798 1644 962 1714 omnlino
985 1647 1146 1739 incenium

86 1739 196 1829 offerre
221 1747 321 1830 mihi,
356 1746 434 1814 dicit
462 1746 645 1814 Dominus:
677 1745 794 1838 item,
825 1746 895 1815 volo
930 1747 1031 1836 igilur
1055 1748 1146 1812 viros

86 1864 176 1909 orare
201 1847 239 1912 in
264 1846 349 1911 omni
376 1843 450 1913 loco.
499 1841 624 1929 Potest
650 1847 758 1916 etiam
791 1863 864 1934 quo
891 1840 967 1914 suas
993 1842 1148 1933 quisque

85 1958 212 2031 preces
231 1943 389 2033 quietior
404 1962 446 2014 ac
462 1943 579 2017 minus
594 1939 773 2015 distractus
794 1941 977 2033 absoluat,
1004 1953 1145 2017 certum
1182 2007 1186 2014 .

74 2058 128 2115 ac
149 2037 335 2114 definitum
351 2042 389 2114 in
413 2042 562 2136 privatis
590 2040 747 2131 edibus,
771 2041 796 2113 sr
818 2040 967 2135 spatium
994 2039 1058 2130 lle,
1084 2037 1148 2113 eh·

84 2158 171 2234 gere
195 2143 340 2232 locum,
371 2152 413 2213 ut
432 2142 482 2214 ita
504 2140 639 2234 dicam,
663 2138 894 2228 sanctiorem,
921 2141 1044 2231 ibique
1063 2156 1146 2211 ora·

86 2252 143 2312 re:
180 2260 260 2313 cum
279 2242 373 2335 prius
389 2253 511 2313 tamen
527 2253 657 2333 praeter
668 2241 835 2336 generale
851 2238 896 2312 de
909 2241 974 2312 illo
992 2256 1146 2313 examen

85 2339 280 2433 inspexerit
300 2340 437 2413 nihilne
459 2340 509 2413 ibi
532 2338 731 2426 nefarium,
763 2339 903 2413 nihilne
928 2335 1032 2411 reite
1055 2355 1145 2409 con·

87 2440 232 2513 tretium
257 2442 389 2513 rationi
417 2436 597 2514 admissum
624 2460 781 2531 unquam
804 2437 871 2511 sit:
903 2437 962 2530 qui
991 2436 1088 2511 enirn
1106 2432 1145 2512 id

84 2538 195 2631 fecit,
220 2559 297 2611 non
313 2538 348 2613 se
362 2552 523 2631 tantum,
548 2537 608 2613 sed
631 2536 797 2632 &ipsum
821 2538 997 2611 orationis
1018 2536 1146 2608 locum

86 2637 194 2710 talem
213 2637 337 2710 effecit
351 2651 392 2710 ut
408 2640 446 2711 in
466 2658 547 2711 eum
564 2638 666 2711 Deua
681 2636 856 2729 respicere
874 2637 996 2731 fugiat
1046 2631 1145 2707 Mihi

87 2747 206 2809 autem
231 2738 372 2829 plenius
392 2736 594 2829 inspicienti
617 2736 809 2809 dicendum
828 2735 873 2809 de
900 2737 966 2806 illo
984 2734 1073 2805 loco
1091 2730 1147 2803 sut

86 2835 142 2906 bit
167 2835 265 2925 quod
285 2833 449 2907 odiosum
467 2832 537 2906 eise
555 2833 739 2928 videatur,
765 2845 802 2906 at
824 2833 923 2907 forte
942 2830 1145 2911 accuratius

88 2934 304 3007 examinanti
330 2953 408 3006 non
433 2933 751 3009 contemnendum.
812 2928 1071 3025 inquirendum
1091 2924 1158 3005 estt

86 3029 223 3105 scilicet
248 3053 293 3104 an
320 3034 359 3105 in
384 3033 503 3105 coitus
535 3035 623 3105 loeo
645 3052 723 3107 non
746 3032 862 3105 illiciti
885 3029 1052 3123 quidem,
1080 3024 1146 3107 sed

88 3132 148 3221 qui
167 3129 388 3225 Apostolicis
411 3130 741 3207 verbirsecundum
758 3130 1014 3224 indulgentiam
1062 3144 1145 3205 nou

85 3228 277 3305 secundum
296 3243 514 3323 preceptum
534 3232 768 3324 conceditur,
793 3225 948 3305 sensium
963 3228 1006 3303 lit
1023 3178 1059 3301 dc
1076 3244 1142 3319 pu·

86 3350 164 3419 rum
180 3329 300 3413 Deum
315 3330 465 3437 precari.
517 3330 663 3407 sienim
681 3330 839 3407 orationi
855 3341 897 3401 ut
912 3336 1063 3421 oportet
1079 3342 1142 3397 vc-

89 3449 169 3502 care
186 3449 264 3503 non
281 3428 426 3521 potest,
452 3428 516 3502 nist
544 3432 604 3521 qui
625 3451 669 3505 ex
688 3425 863 3505 conseniia
881 3424 925 3499 ad
944 3438 1087 3520 tempus
1102 3421 1142 3495 ‘ei

87 3527 122 3601 se
147 3528 273 3618 dedat,
309 3527 406 3601 forte
433 3528 477 3601 dc
508 3529 595 3601 loco
619 3550 663 3602 an
691 3528 822 3601 deceat
845 3521 1142 3599 conluctandum

89 3625 150 3702 est.
201 3627 322 3701 Habet
345 3626 476 3721 aliquid
499 3647 580 3703 cum
600 3627 757 3701 utilitate
776 3624 925 3718 jucundi
941 3626 1047 3699 locus
1062 3636 1143 3693 ora·

89 3725 223 3811 tionis,
250 3727 309 3801 ille
327 3725 462 3799 scilicet
474 3747 547 3819 quo
562 3721 691 3821 fidelea
709 3727 751 3817 ill
769 3744 880 3813 unuin
897 3720 1141 3796 conveniuntt

90 3824 259 3905 credibile
286 3823 337 3903 est
363 3827 458 3904 enim
485 3826 662 4001 angelicgs
690 3822 888 3920 potestates
915 3818 1144 3932 credentium

673 3944 757 4019 op·
947 3930 956 3941 “
999 3929 1109 3991 tuam-
1181 3926 1189 3991 J
