2498 4254
235 204 329 281 DE.
364 192 729 307 putuerunt,
779 202 980 287 ΜΒΝ.
1026 198 1179 308 3'5'7
1238 234 1245 251 ’

73 364 302 462 Evangelitr's
318 369 415 440 libris
432 336 789 459 affatini‘abundeque
804 368 976 463 figantur,
1003 311 1083 445 cunr
1094 373 1134 446 in

76 466 255 541 excelsum
271 482 431 541 montem
451 466 566 562 Jesurn
585 467 783 560 imposuisse
802 469 962 541 diabolus
979 468 1145 565 dicitur‚‘

73 582 117 639 ut
131 566 215 638 inde
231 568 264 638 ei
287 565 452 638 universa
469 567 588 640 mundi
608 589 717 663 regna
739 566 978 661 monstraret,
1006 570 1039 641 δι
1077 569 1140 643 10-·

71 667 161 738 riam
177 687 312 739 eorum.
366 667 477 765 Quod
488 665 681 759 ,secundum
693 668 830 740 literam
849 667 1035 758 quomodo
1051 590 1132 743 {greti
1223 752 1228 759 ,

71 763 228 861 potuisse
250 765 452 858 videbitur,
476 768 593 839 utvel
610 767 647 837 in
670 765 845 839 excelsum
869 781 1033 840 montem
1046 766 1144 859 edu-'³
1180 824 1185 837 ,

72 878 217 937 ceretur
236 887 254 936 a
276 865 419 936 diabolo
448 863 568 957 jesus,
596 867 657 938 vel
671 867 776 937 etiam
797 867 994 938 carnalibus
1015 864 1140 939 oculia'

73 964 150 1054 ejus
166 977 331 1053 tanquam
347 962 512 1055 subiesia,
540 963 573 1035 dt
590 964 786 1055 adjacentia
801 966 862 1037 uni
878 965 994 1037 monti
1011 952 1132 1039 omnia

70 1062 195 1136 mundi
222 1061 426 1136 ostenderet
446 1084 576 1157 regna,
601 1064 637 1135 id
657 1063 729 1153 est,
756 1062 936 1137 Persarum
956 1082 1105 1159 regnum
1115 1117 1134 1157 ,¹

70 1159 108 1235 dc
128 1162 364 1253 Scytharum,
393 1162 634 1252 &Indorum‚
663 1164 725 1235 vel
740 1163 927 1253 quomodo
949 1165 1054 1236 etiam
1075 1184 1147 1236 rev

69 1280 132 1357 ges
156 1257 312 1353 ipsorum
339 1259 584 1357 glorificantur
607 1261 650 1333 ab
668 1261 903 1352 hominibus?
929 1261 1046 1334 Sed&
1062 1263 1133 1335 alia
1226 1336 1230 1343 ,

70 1362 325 1453 quamplurima
339 1359 522 1432 hisstmilia
535 1359 1129 1457 inEvangeliisinvenietquicum-

70 1474 143 1549 que
152 1460 321 1531 attentius
333 1462 472 1553 legerit,
492 1460 703 1532 &advertet
712 1460 766 1532 his
777 1461 1040 1533 narrationibus
1052 1481 1130 1552 quae

68 1556 263 1631 secundum
276 1559 413 1631 literam
428 1561 575 1650 prolatae
587 1560 771 1649 videntur,
797 1557 926 1631 inserta
937 1557 1005 1632 effe
1016 1559 1130 1631 srrnul·

69 1678 142 1748 que
161 1671 332 1729 contexta
356 1680 398 1729 ea
423 1679 499 1750 quae
519 1656 664 1730 historia
687 1658 828 1750 quidem
854 1679 932 1731 non
956 1659 1128 1751 recipiat,

68 1755 233 1850 spiritalis
254 1770 371 1827 autem
396 1768 518 1828 teneat
537 1756 747 1831 inteliettus.

150 1877 203 1947 17.
229 1855 298 1927 Sed
319 1856 352 1927 δι
372 1857 410 1927 in
429 1870 695 1947 praceptorum
713 1856 804 1928 lotia
829 1852 951 1927 similia
968 1855 1133 1947 quedam·

67 1956 315 2028 inveniuntur.
374 1953 416 2027 In
434 1957 513 2049 lege
536 1954 680 2044 quidem
702 1953 823 2045 Moysr
845 1955 1051 2047 praecipitur
1069 1975 1132 2041 cat·¹

67 2054 251 2125 terminari
276 2052 418 2142 quidem
446 2074 556 2126 omne
583 2051 813 2125 masculinum
832 2054 930 2144 quod
950 2073 1027 2124 non
1050 2052 1130 2126 fue·

64 2149 254 2225 ritoctava
271 2151 328 2224 die
339 2151 602 2234 circumcisum:
629 2152 728 2242 quod
739 2151 843 2223 valde
862 2150 1129 2243 inconsequens
1237 2212 1243 2229 ,

66 2249 140 2324 est:
167 2271 248 2322 curn
269 2265 459 2342 oporteret
473 2254 599 2342 utique
618 2250 717 2323 filex
732 2249 925 2325 secundum
943 2248 1129 2325 historiam

65 2348 241 2424 servanda
260 2351 488 2442 tradebatur,
509 2351 628 2441 juberi
649 2362 692 2421 ut
716 2363 884 2443 parentes
909 2351 1128 2442 punirentur

67 2450 131 2540 qui
149 2445 243 2520 filios
263 2446 343 2520 suos
364 2469 442 2521 non
460 2448 790 2540 circumciderunt‚·
805 2460 848 2520 ut
868 2446 954 2520 &hi
982 2450 1043 2540 qui
1063 2466 1129 2520 nu-

66 2550 183 2620 triunt
203 2549 386 2639 parvulos.
437 2548 550 2622 Nunc
563 2559 682 2623 nutem
699 2548 788 2620 dicit
807 2545 996 2641 scriptura:
1025 2551 1128 2619 incir-

64 2647 216 2734 cumcisus
232 2647 398 2737 masculus,
424 2647 542 2740 idest,
567 2652 624 2745 qui
640 2672 705 2717 nan
709 2647 818 2739 suerit
830 2646 1047 2738 circumcisus,
1073 2671 1127 2716 ex·

64 2747 296 2821 terminabitur
311 2748 346 2821 de
355 2771 465 2843 genere
473 2746 540 2837 sua.
592 2744 629 2819 si
643 2767 735 2819 vero
754 2747 863 2821 etiam
876 2744 922 2820 de
936 2744 1126 2839 impoffibi·

981 2845 1075 2919 libus

37 3046 52 3119 s
289 3003 713 3119 Iuranrnrrarm
751 3026 899 3081 uovn.

63 3144 269 3239 prohiberi,
297 3167 379 3217 curn
392 3167 500 3219 nemo
518 3167 563 3217 ne
578 3158 737 3218 extrema
754 3145 895 3237 quidem
909 3152 1058 3237 urgente
1073 3140 1124 3214 sa-

64 3266 125 3317 rne
141 3264 187 3315 eo
205 3244 333 3317 adduci
349 3246 511 3337 potuerit
531 3259 572 3316 ut
588 3244 630 3317 ad
644 3242 735 3317 istud
754 3245 880 3317 animal
896 3239 1126 3335 confugeret.'

64 3342 162 3415 otto
180 3344 315 3415 dierum
329 3344 482 3416 infantes
494 3366 571 3417 non
585 3343 780 3416 circumcisr
794 3341 1021 3425 exterminari
1035 3360 1123 3435 ege·

63 3462 153 3515 nere
166 3440 230 3513 stro
242 3444 435 3535 jubentur,
462 3464 543 3515 cum
560 3443 682 3535 potius
702 3442 727 3517 st
748 3442 830 3534 quid
846 3442 890 3514 de
908 3441 961 3514 his
981 3438 1026 3515 ad
1043 3440 1123 3511 lite·

64 3561 143 3613 ram
160 3540 340 3613 servandis
356 3544 435 3637 lege
452 3541 676 3615 sanciendum
697 3555 793 3634 erat,
814 3540 958 3633 praecipi
973 3555 1123 3629 oporte·

64 3650 124 3709 ret
140 3652 182 3710 ut
197 3658 323 3714 eorum
338 3655 503 3734 parentes
521 3643 581 3713 vel
594 3662 720 3714 eorum
734 3643 866 3714 altores
880 3635 1122 3711 interficeren-

65 3752 137 3811 tur.
189 3734 299 3811 Nunc
322 3754 440 3813 autern
456 3741 505 3812 ait
523 3738 715 3833 scriptura:
745 3745 856 3812 Omnis
871 3765 938 3811 mas
954 3744 1125 3825 incircumq
1167 3739 1169 3743 ’

63 3840 146 3931 cifras
158 3841 291 3943 quinon
304 3844 536 3917 circumcidetur
548 3840 660 4021 ogiam
674 3843 750 3932 die,·
764 3840 882 3943 peribit
893 3832 932 3919 se
941 3838 1049 3941 prfuit
1059 3826 1131 4003 1³⁰5

621 3960 643 4045 3
973 3940 1070 4035 Qun
