2498 4254
254 167 331 245 na
380 138 716 281 ramanus,
765 166 961 269 marr.
1070 176 1140 265 ³313

83 332 193 408 diebus
206 334 274 431 ejus
282 330 428 431 justitias
455 328 494 407 di
509 330 678 402 multitudo
693 334 779 425 pacis
795 332 1011 424 permanens·
1025 322 1142 423 lisque

89 434 136 508 ad
160 430 297 524 finem,
334 432 394 523 qui
414 428 494 503 finis
513 430 646 503 ablatio
663 432 755 503 lunae
780 432 974 525 appellatus
994 428 1068 519 est3
1100 432 1141 508 U

87 532 308 605 dominabitur
325 538 440 601 amari
458 532 603 627 usquead
617 546 724 617 mari,
749 526 824 607 &a
831 530 968 627 flumine
985 555 1080 623 usque
1099 530 1141 603 ad

78 636 167 728 finer
184 652 286 701 terra
336 628 471 703 Datum
483 629 534 703 est
545 640 663 703 autem
679 627 858 726 &hgnum
872 628 994 701 domui
1005 628 1139 725 David.

86 732 205 827 Virgo
223 730 316 803 enim
330 730 372 801 in·
379 740 487 801 utero
502 730 690 823 concepit,
718 726 752 801 ds
766 729 909 823 peperit
916 728 1140 825 Emmanuel,

80 829 189 923 'quod
210 828 261 901 est
276 831 549 921 interpretatum
563 829 750 901 nobiscum
768 827 881 903 Deus.
934 833 1053 923 Sciron
1064 854 1143 921 gen·

88 948 137 1003 res
154 928 193 1005 dy
206 932 387 999 vincimini.
438 926 534 1000 viui
552 928 644 1001 enim
659 924 790 1021 firmus,
807 927 1005 1021 &superati
1016 932 1076 1019 ¹qui
1093 934 1142 1003 eri

85 1028 252 1127 gentibus
278 1025 415 1119 sumus,
454 1025 489 1098 da
514 1028 618 1099 velut
639 1027 778 1099 exubiae
800 1027 956 1119 quadam
979 1026 1142 1101 vidtoriae

86 1130 165 1221 ejus
188 1124 394 1217 existimus,
429 1125 489 1216 qui
505 1127 580 1218 ejus
601 1126 721 1221 gratia
743 1128 837 1200 colla
855 1125 975 1200 nostra
994 1126 1141 1219 subjeti-

84 1248 175 1303 mus.
236 1224 356 1298 Sed&
375 1226 479 1298 locus
504 1225 701 1297 nativitatis
727 1225 802 1318 ejus
823 1225 1007 1320 pradictus
1030 1228 1080 1299 est
1102 1228 1142 1309 in

85 1325 242 1399 Michaea
265 1325 444 1417 propheta
461 1324 627 1398 dicente:
654 1326 703 1397 Er
721 1341 759 1395 ra
787 1326 944 1397 Bethleem
962 1342 1049 1397 tarra
1074 1330 1142 1423 Jui

82 1430 129 1497 'da
149 1448 344 1522 nequaquam
355 1426 464 1517 exigua
482 1448 514 1494 es
532 1424 709 1497 introitio
726 1426 836 1521 Juda:
862 1450 903 1495 ex
916 1442 946 1495 re
964 1428 1142 1497 mimexiet

85 1528 153 1597 dux
169 1532 224 1621 qui
244 1542 331 1617 regar
348 1526 495 1619 papulum
517 1547 615 1594 meum
637 1524 741 1612 lsrael.
798 1524 867 1596 Sed
889 1523 1142 1617 &septimanae

86 1644 263 1698 annorum
280 1625 434 1715 impleta
447 1620 527 1695 sunt
541 1644 655 1714 usque
670 1624 714 1696 ad
728 1622 853 1696 ducem
864 1622 1039 1696 Christum
1054 1644 1140 1714 quaa

87 1724 301 1823 praedixerat
322 1722 452 1795 Daniel
474 1723 662 1818 propheta.
700 1728 704 1735 '
725 1720 838 1794 Adest
856 1722 1085 1800 nihilominus
1108 1722 1145 1795 da

85 1826 118 1898 is
140 1824 200 1914 qui
221 1824 257 1894 in
274 1821 345 1916 Job
367 1820 476 1893 didius
494 1820 545 1894 est
567 1823 720 1895 belluam
737 1822 918 1916 ingentem
940 1819 1142 1893 consumtu-

85 1942 175 2014 rus,
213 1922 271 2012 qui
296 1923 331 1992 dt
355 1919 453 1992 dedit
474 1918 689 2011 potestatem
712 1920 940 1993 familiaribus
966 1918 1142 2010 discipulis

87 2020 157 2095 suis
174 2023 307 2091 calcare
322 2019 425 2111 super
442 2017 646 2113 serpentes,
679 2018 718 2090 &³
735 2018 961 2113 scorpiones,
988 2018 1023 2091 u
1040 2017 1144 2111 supra

88 2142 234 2194 omnem
248 2120 421 2191 virtutem
446 2118 579 2191 inimici
601 2118 687 2191 nihil
705 2120 748 2191 ab
770 2139 816 2190 eo
836 2118 1020 2193 nocendis.
1071 2116 1145 2191 Sed

87 2220 264 2310 &siquis
286 2218 486 2291 confideret
501 2215 764 2313 Apostolorum
786 2216 911 2291 Christi
935 2240 999 2314 per
1012 2218 1146 2312 fingula

1011 2318 1095 2389 loca

311 2456 738 2553 Iuranraaramo
782 2498 930 2555 nova·

83 2635 229 2717 potentes
243 2620 348 2690 cedite.
396 2620 559 2711 Superati
582 2620 676 2692 enim
698 2619 733 2691 dt
753 2616 839 2691 visti
860 2618 974 2693 sumus
992 2638 1082 2710 quos
1098 2630 1145 2689 ex

86 2720 251 2815 gentibus
266 2720 376 2814 gratia
392 2720 558 2791 dodrinae
575 2720 654 2815 ejus
665 2718 771 2813 cepit.
823 2716 892 2791 Sed
909 2718 943 2789 ἃ
959 2720 1062 2791 locus
1084 2738 1146 2787 na·

86 2819 210 2891 talium
233 2820 307 2910 ejus
334 2816 516 2913 pradidtus
539 2816 590 2890 est
610 2816 703 2911 apud
727 2816 936 2911 Michaeam:
968 2812 1018 2899 sir
1038 2814 1143 2903 enin,

75 2916 216 3010 inquit,
228 2920 385 2989 Bethleem
400 2935 486 2988 terra
504 2919 594 3015 Juda
604 2942 797 3015 nequaquam
814 2924 948 2988 minima
961 2912 1044 2987 asin
1051 2914 1145 3013 priar-

86 3020 203 3110 eipibas
219 3021 320 3115 Juda.
349 3017 403 3089 Ex
413 3035 443 3088 re
454 3026 538 3088 enim
550 3014 721 3088 exilitdux
735 3018 1034 3115 quiregatpopulum
1047 3036 1146 3085 meum

88 3116 200 3207 Israel.
252 3115 301 3188 Et
325 3116 544 3215 septuaginta
561 3110 801 3191 hebdomades
823 3120 976 3210 impletae
994 3111 1146 3189 santus·

87 3238 158 3308 que
184 3217 226 3289 ad
255 3216 442 3301 Christum
455 3218 582 3291 ducem
601 3216 714 3309 juxta
730 3214 943 3303 Danielem3
971 3214 1145 3305 uenitque

86 3316 194 3409 isqui
214 3318 250 3388 in
269 3317 363 3387 libro
390 3316 460 3409 Job
481 3316 612 3389 dicitur
632 3316 815 3413 ingentem
841 3330 960 3390 cetum
977 3312 1144 3411 subegisse

88 3416 329 3507 &quiveris
356 3414 421 3487 suis
449 3416 624 3511 discipulis
648 3414 880 3512 proculcandi
906 3414 1084 3507 serpentes
1110 3412 1146 3485 dt

86 3514 250 3605 scorpios
274 3512 487 3607 potestatem
509 3515 607 3589 dedit
629 3516 824 3589 &omnem
843 3515 975 3588 inimici
998 3515 1071 3589 vim
1095 3514 1146 3585 ita

88 3616 299 3705 proterendi
320 3630 361 3687 ut
382 3616 469 3691 nihil
498 3616 627 3689 abillis
649 3616 831 3689 laedantur.
883 3612 1147 3709 Apostolorum

88 3713 198 3784 etiam
213 3734 304 3803 quos
326 3714 369 3786 ad
384 3714 679 3811 promulgandum
695 3712 932 3811 Evangelium
945 3716 1036 3789 misrt
1048 3710 1145 3807 Jesus

87 3812 411 3911 peregrinationem
431 3835 496 3913 per
514 3815 719 3891 universum
735 3816 861 3890 orbern
888 3809 1148 3902 consideranti5

640 3916 679 3997 U
710 3938 729 4012 5
1050 3928 1120 3980 ses
