2498 4254
90 140 166 235 ,a
414 70 884 217 on'1³ornrs''

91 302 128 377 u
142 297 287 395 implum
307 297 441 393 pariter
468 296 502 373 ἀ
525 297 670 374 stultum
693 298 768 396 est,
805 299 976 397 Spiritmn
995 298 1154 382 fandum

91 400 283 490 confiteri,
318 398 606 495 &ignorantiam
629 402 661 475 ei
685 399 892 480 adscribere.
943 401 1036 479 Non
1056 406 1154 483 enim

91 523 175 575 cum
192 500 285 575 aliud
296 498 426 591 aliquid
441 498 528 572 esset
542 513 729 591 antequam
739 500 889 595 Spiritus
900 500 1063 599 sanum,
1084 524 1153 601 per

91 599 295 701 profestum
319 600 479 671 venitin
499 597 573 671 hoc
591 612 633 671 ut
655 598 741 673 esset
753 600 905 695 Spiritus
926 600 1084 677 sanetus:
1109 616 1152 679 ut

93 704 172 793 quis
195 699 323 772 audeat
343 699 491 791 dicere,
517 699 599 791 quia
616 712 703 773 tunc
724 699 866 793 quidem
889 722 971 775 cum
988 702 1151 779 nondum

91 798 180 875 esset
196 798 348 892 Spiritus
363 796 523 890 sanuus,
548 799 737 895 ignorabat
754 814 918 895 patrem,
944 799 1070 895 postea
1087 821 1150 877 vta

89 921 137 977 ro
158 922 262 993 quam
284 899 422 990 recepit
437 894 646 991 scientiam,
672 897 822 992 Spiritus
844 898 978 974 sanstus
1000 898 1148 977 effeetus

92 999 175 1088 est3
209 998 308 1091 quod
324 997 349 1070 s1
369 994 483 1088 esset,
516 1018 696 1088 nunquam
711 999 836 1091 utique
853 1001 889 1071 in
908 1001 1049 1075 unitate
1068 998 1150 1075 ΤΠ·-

90 1099 246 1191 nitatis,
285 1095 321 1169 id
353 1094 403 1169 est
439 1095 511 1170 Dei
544 1097 654 1190 patris
685 1098 974 1172 inconvertibilis
1014 1098 1050 1172 dt
1085 1096 1149 1175 filii

4 1230 8 1237 ·
89 1196 192 1292 ejus,
218 1199 325 1271 etiam
338 1196 409 1289 ipse
426 1192 577 1290 Spiritus
598 1194 733 1269 landus
746 1198 960 1292 haberetur,
985 1198 1048 1274 nifi
1067 1198 1149 1291 quir

90 1300 128 1373 δι
145 1297 217 1390 ipse
233 1296 367 1389 semper
387 1308 465 1369 erat
485 1292 635 1389 Spiritus
654 1295 799 1373 sanstus.
850 1298 937 1371 Hoc
952 1295 1036 1372 sane
1049 1296 1148 1392 quod
1187 1338 1191 1367 2

89 1398 266 1489 dicimus,
292 1399 352 1468 vel
371 1397 505 1491 semper,
530 1397 593 1469 vel
612 1414 702 1484 erat,
723 1399 786 1472 vel
801 1397 828 1471 fi
846 1396 946 1489 quod
965 1398 1060 1471 aliud
1076 1399 1148 1473 tale

90 1498 300 1589 temporalis
320 1491 584 1589 significationis
606 1517 738 1569 nomen
758 1494 998 1591 adsciscimus,
1023 1496 1147 1593 umpl-

90 1600 182 1669 citer
203 1596 238 1668 δι
255 1616 336 1670 curn
352 1597 459 1667 venia
477 1595 720 1688 accipiendum
742 1594 815 1669 est:
841 1596 1009 1689 quoniam
1032 1596 1147 1671 nomi·

45 1712 48 1721 ·
89 1718 176 1773 num
203 1696 345 1785 quidem
361 1692 491 1768 horu'm
513 1693 788 1791 fignificationes
810 1696 1029 1789 temporales
1047 1694 1147 1791 sunt,
1186 1739 1191 1776 1

89 1818 134 1871 ea
157 1808 276 1869 autem
296 1794 485 1887 dequibus
503 1794 710 1888 loquimur,
744 1794 897 1883 tradatu
917 1794 1063 1887 quidem
1081 1794 1148 1871 ser·
1186 1813 1192 1902 j

88 1898 207 1975 monis
227 1894 475 1987 temporaliter
496 1894 755 1988 nominantur,
793 1908 921 1969 natura
945 1908 1068 1971 autem
1096 1894 1147 1973 sui

88 2016 235 2079 omnem
248 1995 519 2091 intelligentiam
530 1992 647 2069 senlits
667 1994 873 2088 temporalis
887 1995 1083 2073 excedunt
1186 2005 1191 2082 l

96 2152 100 2159 .
165 2118 199 2185 ς.
225 2094 376 2167 Redum
407 2106 527 2167 tamen
555 2094 699 2167 videtur
720 2096 900 2187 inquirere
925 2095 1011 2186 quid
1036 2092 1147 2171 causo
1185 2097 1191 2134 ²

87 2196 152 2287 fit,
180 2192 277 2283 quod
288 2193 348 2283 qui
360 2206 591 2288 regeneratur
604 2213 669 2285 per
680 2193 801 2267 Deum
812 2193 849 2266 in
860 2190 1027 2287 salutem,
1054 2214 1146 2291 opus
1177 2181 1182 2199 '

86 2295 198 2369 habet
211 2292 244 2364 dr
257 2290 411 2364 Patre&
428 2290 522 2363 Filio
539 2291 573 2363 u
589 2290 725 2385 Spiritu
740 2290 887 2386 fando,
906 2314 984 2367 non
996 2314 1145 2389 percep·
1189 2313 1191 2334 ³

88 2408 191 2469 turus
206 2390 423 2464 salutemnifi
437 2391 479 2463 fit
494 2390 634 2489 integra
644 2390 823 2467 Trinitas:
847 2414 917 2465 nec
932 2394 1095 2493 poffibile
1104 2394 1146 2469 fit

84 2493 298 2592 participem
323 2486 402 2563 fieri
432 2492 545 2585 patris
574 2493 638 2565 vel
661 2488 725 2565 filii
749 2493 821 2568 fine
845 2492 980 2585 Spiritu
1012 2492 1144 2569 fando.

85 2588 150 2669 De·
164 2592 292 2682 quibus
310 2589 538 2664 discutientes
552 2590 626 2665 fine
641 2592 753 2667 dubio
770 2589 1002 2667 necessarium
1018 2594 1088 2666 erit
1102 2605 1145 2667 ut

85 2692 340 2789 operationem
365 2688 551 2782 specialem
571 2686 722 2786 Spiritus
742 2688 873 2785 sandi,
898 2692 933 2765 u
957 2689 1146 2785 specialem

11 2869 14 2874 .
85 2795 199 2895 patris
214 2811 255 2867 ac
270 2786 333 2866 filii
349 2788 596 2869 describamus.
646 2788 821 2867 Arbitror
840 2811 926 2890 ergo
944 2787 1030 2891 ζ’),
1056 2812 1146 2887 (spo¹

319 2903 323 2909 ·
983 2892 1096 2967 ratio·

133 3042 196 3144 (⁹)
209 3046 279 3114 On
294 3034 311 3115 ὅ
324 3041 479 3130 produt
494 3066 553 3117 aar
567 3064 687 3139 πατηρ
702 3057 849 3134 σνηχων
859 3068 908 3119 rra
918 3068 1041 3118 narra
1050 3042 1145 3137 μὴ·

83 3165 128 3222 m
143 3144 183 3227 rit
200 3137 322 3225 isaeo
337 3168 404 3215 rur
426 3132 528 3218 ὄντων
544 3136 736 3227 urradrdtt
761 3135 879 3239 {aurp
898 3138 977 3218 dato
997 3170 1045 3216 ru
1058 3140 1144 3221 r’d‘rr

82 3270 125 3319 ro
141 3244 218 3318 urm
264 3243 306 3316 ὠν
330 3266 401 3341 ’γαρ
422 3242 503 3321 isar·
528 3238 691 3319 ἰλατἹων
708 3240 756 3316 dt
776 3268 861 3344 προς
887 3270 944 3318 ror
965 3240 1144 3343 πᾳσιραό

80 3340 149 3430 υἷος
163 3345 306 3438 pSaror
324 3338 386 3418 ὄπι
401 3364 492 3435 μονα
506 3364 558 3417 ra
578 3351 729 3441 matu·
753 3338 920 3441 dwrrpoe
940 3368 1012 3443 γαρ
1027 3340 1146 3427 imru

931 3466 1091 3542 πατρος·

155 3592 307 3669 Arbitror
338 3594 442 3664 Deum
466 3594 590 3691 quidem
618 3594 768 3695 Patrem,
807 3600 1008 3667 semonnia
1036 3600 1143 3668 corui.

80 3711 181 3783 mr,
206 3694 248 3765 ad
270 3693 505 3793 unumquodque
520 3696 642 3764 entium
660 3698 853 3789 pervenire,
887 3694 942 3789 effe
967 3699 1148 3795 uniruique

78 3802 310 3900 r'rrprrrr‘rntem
330 3794 367 3868 re
380 3797 467 3887 suo:
499 3796 565 3895 ipse
585 3798 670 3867 mim
691 3792 732 3895 est
750 3798 807 3897 qui
824 3794 877 3897 est,
926 3800 1169 3977 Μηὶοινηῖιω
