2498 4254
90 160 163 244 114
415 138 818 223 ORIGENIS

84 314 196 405 ouem
217 306 338 397 bona,
365 306 477 400 justus
498 309 606 381 etiam
627 308 812 405 legislator
832 302 1019 403 putabitur
1038 287 1128 379 neit

72 406 218 485 .Paulus
240 407 425 502 apostolus
442 408 539 481 nulla
559 408 773 479 circuitione
790 404 872 479 usus
888 406 962 497 ait,
990 409 1065 479 Lex
1084 430 1099 475 e

87 504 166 583 huo
181 508 240 605 esi,
267 506 307 582 (7
324 510 508 577 mundatum
520 506 668 594 secusium
685 508 724 582 (5
735 506 857 605 justum
871 502 912 583 ὅ
925 504 1070 581 bonum..
1094 427 1128 577 g

90 608 217 703 quibus
235 605 286 680 est
302 605 550 699 manifestum,
576 609 657 698 quia
669 606 798 678 Paulus
814 626 892 679 non
906 602 1058 677 istorum
1075 603 1128 677 litt

87 730 143 781 ras
172 706 344 780 didicerat
359 708 420 797 qui
441 703 571 799 justum
590 708 729 779 abono
749 704 934 799 separant,
957 700 1023 779 sed
1041 704 1085 777 ab
1103 706 1128 800 ei

87 806 174 881 Deo
193 805 312 881 fuerat
329 803 540 897 instructus,
567 804 690 897 &ejus
708 804 779 877 Dei
795 803 918 898 spiritu
935 803 1058 877 fuerat
1072 802 1128 875 'illu

86 908 266 996 minatus,
295 906 354 997 qui
370 904 523 978 simul&
546 902 681 977 sandius
705 902 922 977 dhonon&
940 902 1056 995 justus
1083 898 1128 975 esi

87 1027 154 1099 per
175 1006 280 1094 ¹cujus
305 1006 366 1077 ille
391 1004 549 1099 spiritum
570 1004 748 1096 loquens‘,
782 1004 926 1077 dicebat
946 1002 1128 1075 mandatur

87 1106 177 1199 legis
200 1102 269 1175 esse
293 1102 447 1177 sanctum
470 1102 503 1175 δι
515 1101 670 1195 justum,
697 1102 899 1178 &bonum
950 1098 1000 1171 Et
1022 1114 1067 1173 ut
1083 1118 1128 1174 eu

88 1204 232 1276 dentius
259 1201 360 1295 supra
375 1202 544 1295 justitiam
563 1202 597 1274 dt
618 1200 837 1293 sanititatem
857 1202 1065 1275 bonitatem
1086 1217 1128 1292 mr

88 1306 141 1397 gis
156 1299 265 1380 inesse
284 1300 491 1376 ostenderet
511 1305 549 1374 in
570 1302 766 1393 mandatu,
788 1302 947 1396 repetito
967 1298 1128 1374 sermone

86 1421 157 1494 pro
174 1402 227 1472 his
246 1404 359 1474 tribus
376 1400 486 1474 solam
503 1404 658 1495 protulit
672 1404 876 1474 bonitatem
893 1400 1040 1473 dicens:
1061 1402 1128 1494 Qu

87 1520 156 1590 ergo
174 1501 286 1569 bonum
300 1503 356 1597 eft,
377 1502 459 1570 mihi
472 1526 553 1571 mors
571 1498 634 1598 ess?
659 1501 745 1597 absit.
796 1500 922 1573 Sciens
937 1500 1073 1594 quippe
1088 1495 1128 1573 dt

85 1600 238 1673 nitatem
260 1620 373 1697 genus
395 1599 464 1674 effe
486 1601 683 1692 virtutum,
713 1598 882 1692 justitiam
897 1620 991 1673 vero
1009 1594 1128 1673 veliti

89 1696 248 1771 &itatem
275 1700 409 1793 species
438 1701 605 1795 generis,
630 1701 716 1773 ideo
743 1720 824 1772 cum
848 1700 886 1771 in
911 1696 1128 1792 superioribu'

87 1818 201 1893 genus
230 1797 329 1873 simul
352 1820 393 1871 ac
416 1798 553 1893 species
574 1797 809 1883 nominasset,
836 1812 1009 1891 repetens
1026 1800 1128 1871 sermo

87 1916 173 1971 nem
201 1899 244 1970 ad
263 1897 376 1972 solum
390 1920 503 1995 genus
528 1898 683 1974 retorsit.
735 1898 806 1971 Sed
827 1897 916 1969 &in
931 1895 1128 1989 consequen

86 2000 202 2071 tibus:
233 2002 391 2069 Peccatum
404 2002 539 2093 inquit,
562 2019 619 2095 per
633 2000 747 2069 bonum
760 2000 842 2071 misti
855 2013 1015 2095 operatum
1028 1994 1128 2098 essenos

88 2114 161 2168 tem.
213 2096 255 2169 In
279 2120 353 2189 quo
373 2098 407 2170 id
426 2122 490 2189 per
508 2120 620 2192 genus
640 2098 846 2188 concludit,
873 2096 974 2188 quod
996 2096 1128 2191 supern

88 2216 154 2290 per
170 2194 307 2287 species
329 2197 553 2289 exposuerat.
606 2196 689 2269 Hoc
714 2197 827 2269 modo
850 2217 1005 2287 namque
1026 2190 1128 2270 inteli

88 2295 245 2390 gendum
264 2293 315 2367 est
331 2298 439 2367 etiarn
460 2296 548 2367 illud
567 2300 666 2388 quod
688 2294 818 2369 ditium
840 2293 1048 2369 estonum
1068 2294 1128 2367 nm

82 2398 125 2463 da
142 2394 218 2463 bono
236 2396 380 2481 thesauro
392 2396 491 2464 cordis
499 2398 552 2482 sui
562 2396 687 2491 profert
704 2398 834 2482 bonum,
861 2396 899 2471 d
915 2396 1016 2467 mdiu
1030 2391 1128 2480 denus

84 2493 213 2590 profert
230 2496 357 2564 malum.
411 2491 536 2566 Genus
555 2516 709 2587 namque
727 2493 902 2589 affumpsrt
916 2495 1025 2571 etiam
1043 2471 1128 2569 biti

88 2594 194 2665 bono
218 2597 277 2666 vel
300 2596 407 2669 maio,
459 2592 653 2666 ostendens
676 2594 748 2667 sme
773 2594 885 2667 dubio
913 2597 950 2666 in
972 2594 1128 2676 bonolio

89 2695 188 2765 mine
206 2692 275 2765 effe
295 2691 507 2784 &justitiam
530 2694 809 2767 &sobrietatem
827 2694 860 2764 n
875 2692 1100 2783 prudentiam
1115 2686 1128 2762 1

72 2793 263 2886 'pietatem
285 2792 445 2864 &omne
468 2792 567 2884 quod
591 2796 651 2865 uel
678 2794 747 2863 dici
768 2793 906 2865 bonurn
923 2793 984 2865 vel
1005 2787 1128 2883 intellig

88 2890 221 2984 potest.
272 2890 947 2967 similitercuamdtrnalumhominem
962 2891 1069 2985 dixit,
1093 2906 1128 2982 qu

88 2991 163 3064 fine
178 2992 289 3064 dubio
304 2990 390 3062 effer
405 2990 550 3081 injustus
568 2991 600 3061 dt
616 2994 773 3083 impurus
791 2991 822 3060 d
838 2992 968 3083 impius
986 2992 1021 3065 dc
1037 2983 1128 3065 omni

91 3111 169 3182 qure
189 3110 253 3183 per
273 3104 393 3183 partes
421 3090 606 3163 hominem
633 3092 764 3161 malum
790 3089 1009 3167 deformant.
1058 3088 1128 3161 Situ

92 3193 187 3261 enim
207 3190 280 3264 fine
299 3190 354 3260 his
371 3190 540 3278 nequitiis
567 3209 677 3264 nemo
705 3190 860 3279 aliquem
886 3190 1018 3263 malum
1045 3184 1128 3261 horn'

90 3307 174 3359 nem
201 3304 327 3381 piarat,
354 3306 422 3359 nec
452 3288 520 3359 eise
549 3291 660 3360 malus
688 3285 826 3379 potest,
861 3288 911 3360 ita
937 3286 971 3358 n
997 3287 1071 3362 sine
1088 3284 1128 3359 illi

91 3386 287 3459 virtutibus
313 3402 451 3461 certum
472 3387 523 3459 est
543 3387 642 3477 quod
658 3407 768 3459 nemo
789 3388 975 3479 putabitur
1000 3386 1071 3461 ess'e
1092 3386 1128 3459 bt

90 3503 171 3559 nus.
222 3484 388 3578 Superest
403 3490 452 3558 eis
467 3486 582 3558 adhuc
598 3487 705 3558 etiarn
719 3486 820 3579 illud,
844 3486 943 3577 quod
960 3490 1066 3559 ue‘lut
1077 3502 1128 3579 prc

91 3584 169 3679 prie
188 3583 249 3658 sibi
272 3586 392 3662 datum
414 3585 551 3658 scutum
574 3598 723 3680 putant,
751 3586 849 3676 quod
870 3585 960 3657 dixit
977 3586 1128 3661 Dominu

92 3685 130 3756 in
149 3686 360 3779 evangelio:
387 3690 488 3756 Nem
507 3686 602 3755 boatus
622 3685 683 3779 rufi
700 3710 781 3754 unus
800 3690 891 3756 Deus
902 3704 1013 3781 pater:
1040 3686 1128 3759 dicer

61 3847 67 3860 .
92 3792 150 3857 tes
164 3784 239 3859 hoc
259 3782 329 3858 esse
346 3786 533 3880 proprium
549 3786 770 3859 uocabulum
787 3786 898 3880 patris
918 3783 1073 3881 Christi,
1098 3797 1128 3875 qt

207 3941 212 3949 .
511 3936 514 3942 -
532 3922 535 3927 ·
986 3900 1107 3962 tmen
