2498 4254
220 257 223 265 η
257 138 342 221 br
367 198 369 202 ψ
390 132 723 238 sarnensis,
771 132 875 220 mn
900 134 963 219 lu
1071 124 1140 243 ἡ,

84 302 236 383 beamus
251 305 305 380 his
319 325 397 399 quae
416 305 598 399 incidunt,
623 305 754 377 nullius
772 296 914 378 alterius
930 324 988 377 res
1010 302 1063 379 est
1077 308 1142 381 vel

84 426 185 505 opus
205 406 269 481 nisa
279 406 428 478 rationis
452 406 527 497 ejus
542 426 619 497 quae
633 404 683 477 est
701 406 739 476 in
758 406 885 497 nobis,
910 402 1011 479 idest
1027 404 1142 485 nostri

85 502 228 599 judicii:
250 498 348 598 cujus
364 504 512 577 rationis
525 504 662 597 judicio
675 500 912 577 incidentibus
922 500 1141 581 extrinsecus

86 606 364 679 concitamentis
386 598 562 676 abutimur
575 604 617 677 ad
635 596 671 675 id
692 594 941 695 quodcumque
957 596 1029 695 ipsa
1044 604 1140 677 ratio

86 704 326 799 probaverit,
340 705 556 776 naturalibus
571 704 728 776 motibus
743 700 872 777 nostris
884 714 975 776 nutu
988 703 1063 797 ejus
1078 702 1141 778 vel

86 803 133 876 ad
144 804 246 876 bona
262 804 322 875 vel
337 804 380 875 ad
393 803 572 876 contraria
587 802 801 898 gubernatis.

164 925 201 995 4,
221 901 367 975 sivero
386 901 572 993 quisdicat
588 921 629 973 ea
648 906 724 992 quae
742 894 957 974 extrinsecus
973 899 1142 975 accidunt

88 1016 211 1077 motus
221 1000 365 1073 nostros
379 1001 621 1094 provocantia
634 1002 716 1073 talia
729 997 816 1095 else,
841 1012 883 1072 ut
896 1000 1142 1094 poffibilenon

84 1096 130 1177 fit
139 1097 321 1175 adversari
333 1100 384 1173 eis
397 1100 471 1175 five
487 1096 530 1172 ad
543 1098 678 1173 bonum
687 1100 760 1174 slve
769 1099 812 1172 ad
825 1099 955 1173 malum
969 1118 1038 1173 nos
1053 1121 1143 1175 con·

87 1199 304 1293 citantibus,
329 1201 365 1271 in
390 1197 536 1291 seipsum
559 1199 737 1295 paulisper
763 1199 822 1291 qui
843 1200 916 1272 hoc
943 1196 1141 1297 existimat3

87 1312 287 1373 convertat
302 1298 468 1393 animum,
483 1298 693 1391 &proprios
707 1298 908 1395 diligentius
921 1296 1143 1393 introspiciat

85 1412 231 1492 motus,
256 1398 318 1471 nisr
325 1398 506 1475 mvenerit
518 1416 599 1471 cum
609 1395 755 1490 aliqu‘us
771 1396 929 1471 desiderii
941 1396 1143 1491 pulsatille·

81 1500 218 1592 cebro,
239 1498 328 1569 nihil
342 1496 438 1589 prius
455 1497 530 1593 geri
540 1518 643 1589 quam
661 1496 765 1571 animi
783 1497 1076 1571 accommodetur
1093 1495 1143 1573 as·

85 1594 225 1690 senius,
252 1596 286 1668 dt
304 1594 513 1691 suggestioni
530 1616 650 1690 pravae
666 1612 773 1669 nutus
794 1598 922 1671 mentis
939 1595 1141 1692 indulgeatt

85 1700 138 1772 ita
147 1710 191 1770 ut
200 1696 307 1769 etiam
316 1696 560 1769 verisimilibus
574 1696 780 1787 quibusdam
793 1696 900 1769 causis
909 1697 1004 1768 intra
1020 1696 1142 1773 cordis

85 1796 201 1873 nostri
215 1796 406 1897 tribunalia
416 1798 516 1867 velut
523 1794 633 1889 iudici
644 1795 808 1869 residenti
816 1816 861 1869 ex
871 1806 1021 1887 utraque
1037 1810 1144 1887 parte

86 1894 249 1971 adhiberi
264 1894 429 1966 videatur
440 1893 602 1987 afferti0,
619 1906 662 1964 ut
674 1895 781 1967 causis
793 1896 889 1987 prius
904 1893 1072 1988 exposrtis
1107 1916 1145 1968 e·

89 1995 191 2069 rendi
209 1991 384 2067 sententia
400 1994 444 2067 de
460 1994 609 2065 rationis
627 1992 763 2085 judicio
783 1990 999 2085 proferatur.
1091 2012 1143 2068 on

91 2094 207 2187 enim,
232 2110 275 2165 ut
292 2094 393 2165 verbi
407 2094 517 2188 gratia
530 2092 699 2184 dixerim,
724 2093 808 2165 huic
823 2092 883 2183 qui
893 2091 1014 2164 statuit
1027 2092 1144 2165 conti·

88 2191 367 2269 nenterucaste
379 2194 508 2265 vivere
529 2206 634 2284 atque
649 2196 695 2263 ab
713 2191 811 2264 omni
830 2188 866 2264 se
877 2191 1041 2264 muliebri
1055 2210 1143 2265 con·

88 2294 188 2389 tagio
203 2292 413 2384 continere,
435 2291 573 2364 fisorte
587 2292 788 2386 apparuerit
797 2290 924 2364 mulier
932 2307 1143 2388 provocans

90 2410 193 2487 eum,
231 2391 267 2464 dc
284 2391 433 2463 illiciens
449 2390 577 2482 aliquid
602 2406 731 2463 contra
750 2388 973 2483 propositum
995 2410 1142 2487 gerere,

42 2554 48 2566 .
91 2491 191 2565 caula
200 2492 235 2564 ei
246 2488 685 2585 perfeciaocabsolutavel
696 2488 875 2563 necellitas
886 2488 1143 2581 prevaricandi

45 2668 48 2675 ,
93 2592 216 2665 mulier
228 2588 379 2663 exstitit:
406 2607 486 2662 cum
500 2590 604 2683 pollit
617 2590 742 2679 utique
752 2588 872 2661 statuti
883 2586 935 2660 sui
951 2586 1090 2663 snemor
1101 2588 1142 2661 li·
1163 2624 1166 2629 ·

95 2688 217 2764 bidinis
236 2690 465 2763 incitamenta
484 2682 696 2778 redemite,
730 2686 948 2760 &irritantis
965 2688 1143 2761 illecebrae

42 2798 57 2835 ·“
98 2788 345 2864 delettamenta
375 2786 624 2861 austerioribus
657 2787 803 2859 virtutis
834 2788 1141 2879 increpationibus

98 2906 282 2966 coercere:
307 2901 350 2961 ut
367 2889 466 2962 omni
478 2887 626 2960 luxurie
643 2883 741 2959 sensu
751 2886 876 2983 fugato
892 2883 1068 2998 propofiti
1083 2882 1143 2958 fir·

726 3004 730 3009 '
990 2998 1093 3058 muas
1124 3044 1127 3049 .

311 3144 734 3223 lursnrnrrarro
768 3164 916 3221 nova·

100 3280 266 3362 isinliros
280 3284 424 3359 affedius
441 3286 608 3362 &motus
624 3285 806 3380 intendat,
832 3284 1053 3359 &videatan
1064 3304 1142 3361 non

99 3384 275 3460 consensio
297 3386 332 3458 ἃ
350 3388 534 3481 praecipue
555 3388 658 3459 animi
673 3386 782 3477 partis
798 3384 982 3458 inclinatio
997 3388 1034 3459 in
1049 3388 1142 3461 hanc

95 3500 166 3561 rem
190 3488 246 3561 his
270 3485 514 3581 probabilibus
540 3486 642 3559 discit
667 3486 880 3579 argumentis
904 3486 1141 3579 propendeat.

98 3577 179 3659 Non
201 3586 320 3675 enim,
352 3586 455 3656 verbi
471 3588 602 3680 gratia,
626 3586 662 3657 ei
678 3585 737 3675 qui
750 3597 946 3685 temperate
963 3583 1141 3658 vivere&

49 3745 53 3763 .
96 3687 278 3759 continere
293 3682 329 3755 se
345 3683 480 3755 acoitu
493 3685 675 3777 decrevit,
694 3682 879 3775 conspecta
892 3683 1018 3757 mulier
1034 3700 1141 3772 utque

51 3830 54 3853 ÷
95 3783 277 3885 nmquid
292 3797 420 3865 tonna
430 3785 658 3885 propositum
670 3784 846 3883 agendum
858 3784 1035 3959 invitans<
1048 3800 1139 3958 per-

48 3917 52 3929 ·
129 3910 134 3917 “
885 3944 892 3965 .
1026 3902 1049 3960 ἢ
1083 3901 1110 3957 b
