2498 4254
316 134 414 245 ne
465 158 905 241 onarrou'a
1077 124 1156 256 50'5'

49 386 52 391 -
88 328 133 405 ad
155 329 215 403 illa
232 331 367 403 verbra
398 330 493 401 Pater
508 327 609 425 noster
627 331 684 424 qui
703 353 735 398 es
760 332 797 397 in
812 326 893 399 aclis
904 346 919 412 ,⁹
943 336 987 405 ut
1004 322 1077 400 Del
1101 321 1154 401 es·

85 431 236 505 sentiam
258 450 277 501 a
297 430 405 502 rebus
425 430 594 502 omnibus
622 428 753 524 genitis
774 426 1009 503 secernerem.
1062 424 1152 525 Quia

86 530 155 605 bus
177 530 274 602 enim·
296 548 374 602 non
397 529 660 620 communicat,
694 531 731 600 in
759 548 824 599 eos
847 528 960 623 gloria
991 528 1154 619 quedam

85 626 159 704 Dei
181 628 216 700 dt
234 628 444 723 virtusejus
465 627 519 716 dc,
544 639 587 701 ut
606 628 657 703 ita
680 626 820 722 dicam,
847 625 997 703 effluxus
1024 626 1154 701 divini·

86 729 171 803 tatis
189 728 386 821 derivatur.

166 947 222 1014 24.
250 923 477 1018 Santiqicerar
492 950 604 1001 nomm
623 942 727 1000 raam.
778 925 865 1000 Sive
884 925 1044 1000 declaret
1060 946 1155 1005 non·

87 1022 174 1098 dum
191 1024 355 1122 obtigisse
369 1027 429 1100 srbi
446 1028 482 1100 id
496 1049 564 1123 pro
579 1047 653 1121 quo
670 1042 772 1118 orat,
798 1027 874 1100 five
888 1028 968 1098 voti
982 1046 1152 1119 compos,

88 1122 127 1197 id
145 1126 243 1215 quod
263 1144 340 1198 non
361 1140 575 1219 permanet,
608 1139 711 1222 petat
736 1124 968 1217 conservari,
1000 1124 1154 1198 manife-

88 1221 181 1298 stum
206 1222 450 1316 estquantum
472 1227 651 1299 advoces
675 1228 824 1320 attinet,
850 1245 919 1299 nos
941 1224 1035 1316 quasa
1059 1244 1154 1298 uon·

88 1323 176 1408 dum
190 1320 443 1399 santiilicatum
460 1326 503 1399 sat
520 1346 657 1400 nomen
673 1325 804 1420 patris,
827 1325 941 1415 iuberi
957 1322 1153 1399 secundum

89 1421 304 1496 Matthaeum
318 1421 500 1501 &Lucam
517 1427 657 1499 dicere:
688 1421 918 1516 Sanilqlcerur
932 1448 1044 1494 mmm
1062 1439 1154 1495 ruunt

88 1518 166 1612 At,
191 1523 358 1615 inquies,
384 1524 576 1613 quomodo
597 1526 692 1618 petit
713 1524 828 1598 homo
854 1520 1060 1598 sanctificari
1083 1544 1155 1597 no-

90 1641 176 1696 rnen
195 1618 287 1713 Dei,
313 1622 410 1715 quas
432 1620 688 1699 sandlifrcatum
703 1644 781 1696 non
803 1621 872 1697 stt?
905 1622 1004 1718 Quid
1023 1622 1066 1695 fit
1088 1644 1155 1696 no·

89 1740 176 1796 rnen
202 1721 398 1815 patris„&
415 1723 500 1813 quid
522 1722 565 1796 sat
582 1722 695 1816 ipsum
716 1718 942 1814 sanctificari,
968 1720 1154 1814 perspicia·

89 1839 182 1894 mus.
233 1820 384 1893 Nomen
404 1822 513 1917 igitur
530 1818 581 1894 est
600 1819 858 1913 compendiosa
881 1821 1153 1913 denominatio,

91 1938 172 2008 que
208 1919 390 2012 propriam
425 1920 478 1993 rei
504 1920 702 1995 nominata
736 1920 945 2010 qualitatem
973 1920 1154 1998 exhibeat.

90 2014 207 2090 Verbi
225 2019 355 2114 gratia,
382 2015 434 2091 est
447 2018 609 2110 'quaedam
623 2020 770 2111 propria
786 2020 936 2111 qualitas
954 2016 1052 2091 Pauli
1070 2040 1158 2113 apo·

91 2113 193 2190 stoli:
219 2116 287 2189 alia
303 2117 429 2191 animae
445 2115 639 2191 secundum
662 2138 767 2207 quam
783 2119 863 2190 talis
883 2116 952 2192 est:
978 2119 1045 2190 alia
1055 2139 1158 2192 men·

91 2217 163 2307 tis,
190 2235 259 2307 qua
272 2216 358 2289 talia
380 2219 480 2290 valet
499 2219 755 2309 contemplari:
780 2218 848 2289 alia
862 2218 1028 2310 corporis
1046 2218 1155 2310 ipsius
1230 2274 1236 2283 .

93 2335 163 2406 qua
179 2318 252 2387 tale
266 2312 327 2389 erl.
355 2315 470 2410 Quod
484 2316 591 2412 igitur
605 2315 730 2389 harum
745 2318 954 2407 qualitatum
968 2319 1155 2409 proprium

92 2411 163 2498 est,
188 2433 261 2494 nec,
279 2415 422 2488 ulli-alii
440 2416 642 2489 convenire
659 2414 782 2509 potest
795 2412 906 2511 (alius
921 2418 1017 2490 enim
1038 2416 1155 2491 homo

91 2533 171 2588 non
192 2510 244 2585 est
259 2515 296 2587 in
313 2534 433 2589 rerum
454 2527 580 2588 natura
598 2518 658 2607 qui
681 2536 701 2589 a
727 2514 841 2589 Paulo
861 2518 1073 2590 nullatenus
1089 2515 1157 2590 dis·

92 2611 208 2709 serat)
228 2613 301 2685 hot
314 2616 483 2700 nomine,
501 2614 651 2704 Paulus,
669 2616 889 2707 exprimitur.
925 2612 1018 2689 Cum
1033 2627 1155 2690 autem

93 2711 133 2781 in
154 2711 359 2784 hominibus
386 2713 669 2804 qualitatesillae
687 2715 843 2807 propriae
863 2716 1021 2804 quodam
1040 2715 1156 2787 modo

93 2822 302 2901 mutentur,
318 2809 414 2883 retia
424 2812 526 2903 J‘uxta
538 2810 745 2904 scripturam
761 2824 945 2885 mutantur
966 2814 1074 2885 etiam
1088 2834 1155 2885 no·

93 2909 202 2983 mina.
238 2905 387 2982 Abrami
402 2913 497 2985 enirn
512 2912 700 2984 immutata
716 2914 905 3001 qualitate,
931 2923 1084 2983 vocatus
1103 2911 1158 2987 est

94 3006 297 3081 Abraham:
324 3007 527 3084 &Simonis
540 3007 715 3081 conversa
730 3012 922 3101 qualitate,
947 3010 1072 3082 Petrus
1087 3031 1157 3083 no·

93 3108 252 3181 minatus
266 3103 335 3181 est:
359 3108 446 3182 item
461 3106 706 3200 persequentis
723 3106 898 3184 Christum
907 3107 1020 3181 Saulis
1033 3110 1159 3184 immu·

94 3218 171 3278 tata
188 3206 384 3297 qualitate,
408 3209 608 3301 appellatus
632 3204 683 3279 est
703 3207 844 3285 Paulus.
893 3208 938 3282 In
957 3208 1043 3281 Deo
1063 3231 1156 3283 vero
1218 3236 1222 3243 ·

95 3308 158 3397 qui
186 3307 405 3381 invariabilis
432 3308 732 3398 immutabilisque
762 3306 902 3402 semper
933 3305 984 3381 est
998 3321 1157 3402 ‚funum

94 3406 269 3496 idemque
283 3403 422 3499 semper
442 3403 493 3479 est
512 3408 627 3479 veluti
647 3426 806 3499 nomen,
833 3411 903 3500 Qui
921 3407 976 3502 ql,
1002 3407 1100 3500 quod
1114 3409 1155 3484 iu

95 3500 230 3577 Exodo
245 3496 395 3596 dicitur,
422 3504 953 3599 autsrquidsrmiledicipoffit.
979 3508 1157 3604 Quando-

100 3604 246 3694 quidem
271 3607 377 3699 igitur
401 3606 545 3697 quoties
577 3604 631 3677 de·
652 3604 739 3675 Deo
769 3606 900 3695 aliquid
931 3610 1156 3701 cogitemus,

98 3705 252 3791 aliquam
277 3704 323 3777 de
348 3725 395 3776 eo
420 3705 614 3780 notionem
641 3705 750 3778 nobis
776 3700 962 3799 fingimus,
991 3706 1050 3781 sed
1076 3726 1157 3785 nou

100 3822 228 3881 omues
250 3803 335 3895 quid
347 3805 409 3879 ille
422 3822 552 3901 revera
568 3801 619 3978 litl
620 3854 640 3917 ,ο
658 3799 786 3881 scimus
800 3799 927 3905 (pauci
951 3807 1072 3901 enim,
1099 3804 1157 3904 dt,

630 3918 689 3995 ις
1068 3915 1128 3976 ut.
1209 3973 1214 3981 ,
