2498 4254
204 38 330 197 'nn
377 114 747 214 r,n11vcrn11s,·,
766 114 869 197 am
895 114 940 197 n
1047 140 1133 249 :uz

72 278 231 357 iactuum
259 284 342 357 vult
367 278 543 380 intelligi,
578 281 614 355 dt
635 280 720 355 vide
744 302 792 355 ne
810 281 902 355 illud
923 280 1024 375 quod
1044 283 1134 363 dicit

73 382 235 457 Salvator
255 384 338 474 quia
356 388 481 455 volout
500 386 554 454 ubi
572 407 621 477 ego
631 384 704 470 sum
723 383 762 458 (5
779 383 828 479 afli
838 383 910 479 fini
931 408 1064 455 metum:
1090 382 1132 461 θ’

68 484 204 581 ferlege
225 479 265 557 (5
290 500 327 553 tu
354 508 453 553 unum
472 486 581 571 sumus
605 482 642 557 U
670 480 719 573 isti
738 484 806 575 fint
828 490 865 550 in
884 482 980 552 -rtobir
1007 508 1131 559 unum:
1208 560 1213 569 Ι

78 578 259 655 ostendere
280 580 446 655 videtur
466 585 546 676 plus
569 580 698 673 aliquid
716 603 820 674 quam
847 578 899 656 est
915 580 1076 657 saeculum
1095 583 1132 659 dt

78 678 212 773 merua,
238 679 336 754 forte
357 684 463 755 etiam
480 685 558 776 plus
579 703 682 774 quam
697 679 747 755 est
762 679 887 754 saecula
903 679 1129 777 saeculoram,

77 778 294 853 idvidelicet
310 802 391 855 cum
405 783 478 874 jam
499 802 576 855 non
595 782 634 853 in
647 777 775 855 saecttlo
799 781 879 855 sunt
904 781 1045 877 omnia,
1070 780 1131 857 sed

78 876 296 977 inomnibus
320 880 447 974 Deus,

96 995 101 1003 ·
137 984 171 1053 6.
196 979 265 1053 His
287 999 356 1072 pro
380 979 510 1053 nostris
533 980 670 1053 viribus
692 979 736 1055 de
759 980 879 1054 mundi
901 979 1044 1055 ratione
1066 978 1132 1055 dis·

77 1072 188 1169 sutis,
219 1099 297 1151 non
318 1080 556 1176 incongruum
580 1080 686 1152 etiam
708 1080 854 1152 videtur
881 1080 984 1174 ipsius
997 1078 1131 1155 mundi

78 1177 258 1271 tppellatio
288 1177 371 1269 quid
393 1180 456 1253 srbi
480 1180 570 1253 velit
591 1179 795 1270 inquirere:
829 1201 906 1271 quae
932 1180 1129 1273 appellatio
1201 1238 1204 1243 .

77 1272 316 1369 inscriptnris
352 1276 474 1351 sanclis
512 1276 651 1351 diversa
687 1276 884 1375 fignificans
918 1278 1130 1370 frequenter

78 1372 272 1451 ostenditur.
330 1378 443 1477 Quod
478 1378 571 1451 enim
603 1378 712 1451 latine
747 1378 918 1451 mundum
954 1378 1128 1472 dicimus,

75 1492 173 1567 grace
196 1502 323 1563 κοσμοι
357 1478 578 1569 appellatur:
613 1505 734 1559 venare
759 1491 879 1563 autem
904 1497 980 1549 non
1006 1474 1126 1553 solum

75 1574 253 1667 nundum,
289 1573 348 1648 sed
382 1577 690 1651 &ornamentum
715 1572 888 1672 fignificat
949 1575 1124 1668 Denique

75 1668 105 1743 in
128 1670 229 1747 Esaia
258 1674 320 1748 ubi
356 1675 399 1748 ad
431 1676 610 1770 principes
635 1674 725 1749 filias
751 1676 841 1748 Sion
867 1677 1128 1768 increpationis

75 1764 175 1846 sermo
200 1773 387 1870 dirigitur,
413 1775 447 1848 &
473 1775 579 1848 dicit:
610 1780 672 1848 Pro
696 1792 880 1865 ornamento
900 1784 1014 1869 capitis
1033 1780 1127 1857 aurei

73 1872 225 1941 &vitium
239 1874 365 1943 habebis
384 1892 508 1968 propter
526 1891 713 1968 operatua,
739 1888 990 1947 ornamentum
1008 1874 1057 1945 ibi
1078 1894 1127 1947 eo

72 1970 203 2045 nondne
219 1993 294 2064 quo
308 1973 491 2066 mundum,
517 1973 725 2069 appellavit,
746 1974 780 2045 id
797 1972 847 2046 est
862 1999 987 2045 aanor
1025 1972 1126 2045 Dici·

72 2078 125 2141 mr
141 2070 244 2144 etiam
261 2073 298 2145 in
317 2071 528 2146 indumento
548 2069 733 2166 pontificis
750 2072 873 2146 mundi
890 2072 985 2152 ratio
1007 2070 1125 2143 conti·

68 2168 155 2263 Reii,
187 2168 279 2243 licut
302 2171 339 2244 in
362 2171 541 2267 Sapientia
562 2172 765 2246 Salomonis
787 2172 1015 2263 invenimus,
1043 2192 1127 2245 curn

70 2262 146 2343 cidit
170 2270 251 2361 quia
276 2273 312 2339 itt
344 2272 526 2368 vestimento
548 2276 667 2367 poderis
693 2290 762 2342 erat
786 2279 953 2355 univerpr
978 2272 1126 2357 mulidus,
1185 2318 1189 2333 .

69 2360 217 2441 nundus
245 2367 375 2441 dicitur
396 2373 503 2446 etiam
523 2370 645 2445 noster
668 2393 748 2443 cum
772 2370 1034 2445 habitatoribus
1056 2367 1124 2445 suis

70 2466 155 2539 urbis
173 2479 348 2543 terrarum
366 2470 455 2563 iste,
482 2472 570 2545 ficut
591 2492 671 2543 cum
687 2469 859 2561 scriptura
873 2471 978 2544 dicit:
1009 2476 1125 2541 onais

68 2568 189 2639 unlus
214 2573 253 2639 in
270 2570 404 2661 maligno
427 2572 541 2665 pofitus
560 2572 609 2664 est.
662 2570 831 2643 Meminit
850 2568 930 2643 sane
955 2564 1123 2642 Clemens

68 2658 318 2759 apostolorum
334 2666 522 2762 discipulus
543 2670 649 2743 etiam
667 2689 793 2743 eorum
813 2690 905 2761 quos
921 2666 1124 2757 αντιχθονας

68 2760 174 2838 Graeci
194 2770 426 2841 nominarunt
450 2783 558 2861 atque
582 2772 664 2841 alias
684 2782 804 2861 partes
829 2768 927 2840 orbis
952 2781 1056 2840 terrae
1077 2764 1123 2839 ad

68 2880 141 2953 quar
166 2886 285 2957 neque
309 2864 514 2941 nostrorum
547 2870 730 2959 quisquam
766 2868 938 2939 accedere
972 2862 1120 2961 potest,

68 2978 172 3055 neque
197 2964 326 3037 exiliis
347 2968 407 3058 qui
426 2968 476 3039 ibi
497 2965 580 3039 sunt
594 2969 775 3057 quisquam
795 2967 941 3039 tranire
963 2964 1008 3036 ad
1025 2984 1120 3039 nos:

68 3080 149 3153 quos
175 3063 329 3159 &ipsos
354 3066 507 3139 mundos
534 3067 749 3161 appellavit,
775 3088 857 3139 cum
880 3067 944 3137 ait:
976 3069 1120 3136 Oceanus

68 3162 322 3253 intransmeabiles
340 3166 378 3261 ιβ
396 3167 590 3253 haminibus,
616 3168 655 3242 U
674 3166 710 3233 iv
727 3172 783 3263 qui
808 3184 899 3236 tram
922 3166 1020 3259 ipsum
1037 3163 1121 3253 sunt

68 3264 188 3352 nudi,
222 3271 278 3363 qui
309 3265 364 3334 his
389 3267 495 3351 eisdem
527 3269 736 3336 dominatoris
773 3270 838 3337 Dei
869 3264 1120 3359 dispnfirionibur

68 3362 283 3455 prbonanrur.
332 3362 479 3437 Dicitur
505 3369 610 3439 etiam
634 3363 785 3437 mundus
816 3363 880 3437 ista
905 3364 1116 3439 universitas

68 3480 130 3551 mc
152 3485 198 3537 ex
222 3465 316 3538 coelo
342 3463 377 3537 δι
399 3477 495 3538 terra
517 3466 754 3560 continetur,
788 3464 878 3536 ficut
894 3462 1022 3535 Paulus
1044 3465 1115 3537 ait:

68 3552 201 3651 Ttarrfiet
220 3556 309 3633 'enim
332 3564 461 3633 habitus
489 3564 729 3661 hujusmundi.
781 3562 952 3656 Delignat
973 3560 1053 3635 sane
1077 3564 1114 3635 ἃ

68 3661 157 3745 ulium
174 3663 360 3755 quemdam
375 3662 544 3738 mundum
560 3679 690 3758 praeter
706 3662 803 3734 hunc
821 3661 990 3735 visibilem
1008 3664 1115 3735 etiarn

68 3748 228 3837 Dominus
251 3762 474 3839 &Salvator
496 3764 618 3841 noster
641 3784 749 3859 quem
767 3781 897 3839 revera
914 3758 1113 3837 describere

100 3866 251 3961 origenis
273 3856 366 3951 ‚Tum
386 3868 452 3941 111.
702 3858 739 3937 G
1028 3856 1063 3931 ἃ
