2498 4254
261 197 339 277 ur
388 192 724 319 aarucrrrrs,
775 190 877 278 rra
902 150 933 279 1ss
1084 218 1127 295 ις
1191 142 1197 151 ”

61 365 147 438 licet
162 358 355 437 secundum
371 359 466 455 ipsos
485 381 616 459 corpus
637 361 680 434 fit
694 358 728 433 dr
742 361 830 434 iilud
846 360 945 457 quod
960 382 1025 458 per
1044 382 1126 437 cor·
1149 411 1154 419 -

62 484 127 560 pus
144 461 270 557 potest
283 462 434 557 intelligi
448 466 507 535 vel
525 458 643 533 sentiri
655 489 667 550 3
694 460 729 533 dc
743 463 875 534 nolunt
890 463 964 537 hoc
976 464 1127 561 intelligi

64 563 161 654 quod
174 562 423 659 propinquitas
442 561 599 651 quadam
611 561 654 633 fit
671 562 782 635 menti
797 562 841 634 ad
856 562 998 657 Deum,
1024 564 1127 654 cujus

63 664 182 755 &ipsa
192 682 297 735 mens
309 659 555 735 inteilediualis
575 661 694 755 imago
711 661 773 756 srt,
800 662 912 755 &per
932 663 1008 735 hac
1020 660 1128 755 poffit

64 760 192 853 aliquid
207 761 254 834 de
268 761 463 833 divinitatis
476 760 605 833 sentire
620 773 768 852 namra,
792 762 944 834 maxime
957 760 984 837 ri
998 780 1127 859 expur-

65 862 180 959 gatior
194 860 230 933 dc
245 858 460 956 segregatim
474 861 516 933 srt
529 882 550 933 a
563 860 710 947 materia
728 861 920 954 corporali.

135 969 169 1040 8.
194 960 336 1033 Verum
351 958 422 1032 istae
443 957 648 1031 assertiones
668 960 784 1033 ninus
807 959 957 1037 fortasis
977 957 1127 1037 audiori·

65 1059 142 1133 tatis
158 1060 295 1131 habere
305 1059 496 1149 videantur
512 1058 606 1152 apud
625 1080 690 1131 eos
708 1060 768 1151 qui
781 1082 826 1132 ex
841 1058 963 1133 sanctis
980 1057 1127 1153 scriptu·

66 1162 106 1232 ris
122 1159 169 1232 de
185 1162 296 1232 rebus
317 1158 445 1230 divinis
459 1156 594 1234 institui
608 1159 767 1252 volunt,
801 1160 956 1232 &etiarn
967 1159 1027 1233 srbi
1042 1157 1128 1235 inde

66 1260 256 1353 approbari
269 1270 449 1351 querunt,
475 1257 661 1349 quomodo
673 1272 799 1331 nauita
807 1257 879 1330 Dei
891 1254 1129 1350 supereminet

67 1377 260 1453 corporum
274 1369 447 1430 naturam.
497 1356 594 1430 Vide
608 1378 696 1449 ergo
711 1357 736 1430 fi
753 1377 829 1430 non
844 1359 949 1431 etiam
972 1354 1128 1450 Aposto·

66 1458 114 1531 lus
134 1460 211 1535 hoc
232 1457 328 1531 idem
351 1456 429 1549 ait,
470 1476 552 1529 cum
572 1455 618 1529 de
636 1454 777 1529 Christo
798 1457 959 1551 loquitur
982 1456 1126 1530 dicens:

65 1560 129 1650 Qui
147 1558 188 1657 est
212 1562 310 1650 imago
329 1556 499 1647 inuisibilis
525 1560 589 1627 Dei
602 1562 828 1652 primogenitus
847 1564 946 1627 onmis
965 1574 1127 1629 creatura.

64 1653 150 1733 Non
171 1658 267 1731 enim
283 1653 345 1751 (ut
361 1656 500 1748 quidam
514 1655 664 1753 putant)
685 1668 813 1730 natura
830 1654 903 1729 Dei
924 1656 1028 1728 alicui
1047 1654 1128 1731 visi·

64 1755 224 1849 biiisest‚
250 1754 373 1829 &aliis
384 1754 585 1827 invisibilis:
610 1776 688 1828 non
704 1757 798 1831 enim
809 1756 899 1829 dixit
912 1753 1129 1849 Apostolus,

63 1854 180 1951 imago
202 1854 384 1928 invisibilis
401 1853 475 1926 Dei
499 1854 732 1947 hominibus,
764 1869 827 1929 aut
845 1854 1026 1927 inuisibilis
1046 1875 1129 1949 pec·

64 1954 275 2047 tatoribus,
297 1952 359 2027 sed
382 1954 489 2026 valde
515 1952 720 2027 constanter
745 1954 962 2047 pronunciat
986 1952 1032 2026 de
1054 1950 1129 2045 ipss

63 2066 192 2127 natura
204 2052 274 2125 Dei
287 2052 431 2126 dicens:
459 2059 559 2146 Imago
574 2054 740 2148 irruissbilr's
753 2058 826 2126 Dei.
878 2051 948 2125 Sed
967 2051 1001 2123 ἃ
1019 2053 1129 2149 Joan·

60 2172 125 2226 nes
140 2154 178 2226 in
192 2153 382 2251 evangelio
398 2152 539 2225 dicens:
569 2159 675 2226 Deum
683 2177 770 2226 nemo
782 2155 872 2225 vidit
888 2177 1043 2239 unquam,
1056 2170 1128 2225 ma·
1149 2192 1153 2199 ·
1209 2226 1214 2243 ,

57 2248 188 2325 niseste
206 2251 364 2325 declarat
381 2253 545 2326 omnibus
560 2253 623 2345 qui
637 2254 837 2351 intelligere
849 2249 1019 2347 possunt,
1046 2251 1128 2342 quia
1160 2250 1163 2257 ’

59 2354 156 2425 nulla
179 2366 309 2425 nauare
333 2350 384 2423 est
408 2352 464 2425 cui
490 2351 632 2426 visrbilis
653 2353 695 2425 srt
709 2353 830 2427 Deus:
854 2373 932 2425 non
955 2350 1048 2444 quasi
1067 2351 1129 2443 qui

51 2450 205 2525 visibilis
231 2450 375 2543 quidem
399 2450 442 2524 sit
459 2470 524 2544 per
547 2465 737 2548 naturam,
763 2453 799 2525 dc
816 2454 919 2525 velut
935 2448 1127 2547 fragilioris

59 2566 234 2624 creatura
259 2550 391 2623 evadat
415 2562 522 2641 atque
544 2552 695 2624 excedat
718 2550 918 2645 aspedium,
953 2547 1013 2624 sed
1038 2568 1127 2640 quo·

58 2650 152 2724 niam
169 2650 381 2724 naturaiiter
402 2650 517 2721 videri
536 2651 746 2742 imposibile
766 2651 817 2723 est
832 2646 854 2747 <
872 2650 913 2747 ).
965 2644 1128 2745 Quodsi
1218 2647 1224 2657 ’

59 2751 219 2842 requiras
235 2771 256 2821 a
271 2747 423 2838 nequid
442 2750 547 2823 etiam
565 2749 609 2823 de
622 2748 699 2843 ipso
714 2751 901 2846 unigenito
920 2747 1078 2839 sentiam,
1099 2744 1128 2820 si

57 2869 106 2922 ne
122 2849 185 2942 ipsi
199 2848 344 2941 quidem
360 2846 530 2922 visibilem
546 2848 659 2922 dicam
676 2864 837 2923 nattuam
852 2848 946 2941 Dei,
973 2868 1051 2937 quae
1066 2866 1129 2918 nc·

10 3027 13 3039 ,
59 2950 223 3021 qualiter
239 2946 423 3019 invisibilis
447 2947 524 3039 est,
549 2969 595 3022 ne
611 2950 676 3020 tibi
693 2950 808 3022 statim
830 2949 892 3021 vel
909 2948 1056 3039 impium
1072 2945 1128 3015 vi·

10 3050 12 3081 ²
59 3048 185 3120 deatur
202 3044 274 3119 esse
291 3046 353 3118 vei
370 3042 580 3119 absurdum:
612 3050 790 3122 rationem
813 3048 946 3140 quippe
966 3044 1128 3119 dabimus

60 3144 334 3239 consequenter.
385 3142 496 3217 Aliud
518 3145 569 3218 est
581 3147 733 3241 videre,
769 3147 863 3219 aliud
882 3140 1129 3241 cognoscerer

10 3238 12 3253 '
60 3242 177 3319 videri
192 3246 228 3318 dr
241 3245 368 3318 videre
385 3265 581 3337 corporum
593 3266 650 3318 res
664 3247 734 3340 est,
760 3244 930 3342 cognosci
945 3245 979 3316 dr
992 3264 1131 3340 cogno·

58 3345 159 3421 scere
175 3343 424 3421 intelleituaiis
449 3345 672 3519 naturaeBest.
723 3345 908 3450 Quidquid
930 3365 1019 3457 ergq
1045 3363 1131 3437 pro·
1225 3382 1228 3387 <

639 3464 660 3537 5
962 3464 1081 3541 ΡΠιωι

354 3592 588 3671 Inrrnrr.
621 3594 836 3677 Hrrnon.
868 3682 874 3693 ἱ
955 3695 958 3701 ³

10 3686 13 3791 '
102 3747 174 3838 .(a)
198 3749 292 3817 Sicut
306 3749 389 3816 enim
406 3751 609 3839 incongruum
625 3746 794 3844 efidicere,
817 3746 898 3844 quod
911 3740 1006 3840 prffit
1022 3740 1129 3816 utrm

58 3850 168 3919 uidere
194 3849 342 3930 Patrem,
374 3853 424 3917 ita
453 3850 678 3931 inconvenimt
698 3844 1014 3950 esscpt'notr'gqttud
1030 3844 1139 3947 Spiri-

62 3942 360 4042 tussantdmpcffit
370 3947 478 4020 vadere
494 3949 630 4039 I‘ilrirm,
801 3963 804 3968 “
