2498 4254
248 172 327 252 oe
375 167 711 267 remoreris,
759 166 949 250 emm
1026 116 1122 271 ἠς
1209 248 1214 275 ,

68 335 125 415 est
142 338 314 427 ambitio,
340 336 511 430 avaritia,
535 335 733 427 emulatio,
757 333 912 428 invidit,
939 332 1122 435 superbie,

71 438 175 511 &iis
189 438 336 513 similia:
361 456 442 511 eum
458 436 585 528 quibus
602 454 755 531 pugnam
769 434 953 527 quemdem
970 434 1040 515 effe
1059 438 1122 513 bu·

67 558 182 613 manae
212 534 348 629 menti,
381 536 444 609 vel
475 533 610 628 spiritui
639 534 833 629 videntes,
866 534 951 609 ideo
985 534 1123 613 causam

70 635 232 709 omnium
249 637 380 709 horum
396 638 573 709 malorum
588 654 666 706 non
680 645 825 727 ponunt
845 632 940 707 uiud
954 635 1039 727 quid
1058 638 1123 713 nifi

68 735 164 808 banc
174 734 220 808 de
236 755 306 828 qua
318 731 476 827 superius
490 734 661 828 diximus,
686 735 791 806 velut
807 736 1033 829 corporalem
1051 738 1123 809 arri·

67 854 163 909 marn
191 833 226 907 ἃ
253 854 296 908 ex
328 832 466 907 seminis
490 832 638 907 traduce
661 846 876 933 generatur.
936 831 1124 909 Adhibere

68 954 216 1025 quoque
231 934 275 1006 ad
287 930 512 1007 assertionem
522 933 653 1007 horum
662 934 770 1007 etiem
781 932 871 1015 illud
881 932 1124 1011 testimonium

67 1031 242 1125 Apostoli
254 1034 391 1125 solent,
417 1032 517 1125 quod
533 1034 602 1106 aitr
628 1031 808 1132 Manifefla
826 1049 931 1107 aurem
938 1036 1020 1125 suut
1031 1056 1123 1134 opera

67 1136 196 1221 camis,
231 1159 297 1229 qua
314 1138 397 1219 sum
421 1132 617 1223 fornicatio,
649 1136 869 1221 immunditia,
903 1137 1121 1232 impudicitia,

69 1232 272 1326 idololatria,
300 1234 480 1327 veneficia,
510 1235 710 1327 inimicitia,
740 1237 971 1328 contentiones,
995 1235 1123 1309 amula·

66 1337 191 1419 unus,
215 1342 290 1421 ira,
315 1340 411 1419 rixa,
437 1332 647 1431 dssmfirnes,
670 1336 814 1423 harcies,
833 1332 946 1422 sciiae,
969 1338 1122 1424 invidia,

68 1434 264 1520 ebrietates,
299 1432 541 1527 comqffirtimes',
573 1431 613 1510 ὅ
629 1434 682 1505 his
692 1434 828 1530 fimrlio:
860 1432 1020 1509 dicentes
1043 1456 1123 1509 non
1226 1434 1229 1440 ’

65 1530 145 1607 hee
169 1532 291 1607 omnia
314 1532 359 1607 de
383 1531 446 1606 usu
469 1532 532 1607 vei
551 1532 787 1607 delestatione
806 1533 921 1607 camis
947 1535 1122 1630 originem

66 1632 240 1726 trahere,
264 1632 316 1705 ita
334 1645 376 1705 ut
387 1644 561 1725 putentur
577 1634 653 1725 ejus
669 1630 864 1707 substantie
879 1654 957 1726 quae
970 1634 1122 1708 animam

67 1752 144 1805 non
164 1731 301 1825 habet,
327 1731 365 1805 id
384 1731 435 1805 est
449 1732 592 1826 curris,
623 1734 661 1805 hi
675 1752 799 1817 omnes
818 1746 940 1805 motus
959 1732 1119 1808 existere.

66 1829 137 1905 Sed
154 1829 287 1905 &iilud
303 1829 402 1923 quod
415 1832 484 1903 ait:
513 1830 627 1904 Videre
633 1830 960 1923 fratresuocorieum
975 1832 1121 1923 vestram,

64 1936 214 2027 ,quoniam
234 1956 299 2001 nou
323 1932 418 2002 multi
440 1936 598 2003 intervos
613 1928 769 2027 firpimtes
784 1930 953 2021 seeundum
975 1956 1135 2003 carnemt.

65 2029 111 2104 ud
134 2030 209 2103 hoc
237 2032 419 2105 videbitur
439 2029 707 2123 inclinandum,
739 2043 781 2103 ut
798 2030 944 2123 propria
962 2030 1122 2123 quedam

65 2128 234 2205 videatur
248 2128 315 2203 effe
335 2130 482 2203 conaris
496 2151 538 2202 ac
550 2129 739 2203 materialis
757 2126 949 2225 supientia,
976 2131 1044 2203 alia
1057 2151 1123 2205 ve·

66 2248 108 2301 ro
127 2229 173 2303 fit
195 2226 361 2321 sapientia
376 2228 566 2303 secundum
586 2228 764 2323 spiritum,
799 2249 877 2325 que
897 2232 1022 2321 utique
1043 2245 1121 2304 non

10 2324 13 2371 ²
65 2326 188 2423 potest
203 2328 273 2401 diei
287 2325 472 2423 sapientia,
497 2329 560 2403 nist
574 2329 617 2403 srt
630 2329 901 2501 animacarnirx
921 2326 1120 2423 quaesapiet

10 2483 14 2515 ,
65 2427 141 2503 hoc
155 2427 255 2520 quod
283 2431 396 2505 carnis
411 2427 580 2522 ibpientie
595 2429 813 2503 nominatur.
901 2428 1001 2501 dhaec
1020 2430 1120 2501 aiunt

11 2544 15 2549 ’
67 2528 175 2601 etiam
189 2526 293 2600 illud:
319 2532 361 2599 Si
377 2552 448 2599 caro
470 2546 623 2628 repugnat
638 2529 789 2619 adversus
798 2528 975 2623 spirirum,
1002 2528 1042 2605 ὅ
1051 2530 1121 2623 spi·

10 2593 18 2715 i
65 2634 154 2699 ritus
169 2627 319 2716 adversus
334 2652 480 2715 carnem,
503 2629 558 2701 uti
572 2648 650 2702 non
664 2648 741 2719 qum
756 2629 924 2702 volumus
942 2620 1002 2701 iila
1014 2626 1121 2700 facie·

13 2726 16 2815 j
64 2748 165 2819 mur,
191 2746 269 2817 quae
282 2724 363 2801 sunt
377 2726 423 2803 de
439 2726 565 2819 quibus
585 2727 673 2800 dicit
689 2740 731 2801 ut
749 2746 920 2819 nonque
937 2726 1118 2820 volumus,

12 2820 17 2903 i
64 2824 265 2901 iaciamus?
298 2824 444 2901 Certum
468 2824 541 2915 est,
575 2827 701 2918 aiunt,
728 2824 774 2899 de
794 2823 1011 2919 spiritunon
1029 2825 1118 2901 dici:

64 2945 142 3011 uon
162 2925 258 2999 enim
272 2927 443 3001 voluntas
462 2923 603 3018 spiritus
625 2924 849 3019 prohibetur.
911 2922 982 2999 Sed
999 2944 1118 3014 neque

65 3024 110 3099 de
130 3044 256 3098 came:
282 3026 363 3115 quia
382 3025 498 3098 finon
512 3024 621 3098 habet
642 3024 792 3099 animam
810 3025 1014 3117 propriam,
1044 3023 1118 3099 ime

65 3124 179 3199 dubio
193 3126 500 3197 necvoluntatem
513 3124 670 3198 habebit.
720 3122 885 3217 Superest
900 3144 987 3219 ergo
1006 3136 1048 3194 ut
1071 3121 1117 3195 de

64 3222 171 3316 hujus
187 3223 308 3296 animae
323 3225 514 3297 voluntate
526 3222 663 3296 dicatur
673 3224 891 3315 quaehabere
902 3220 1022 3316 potest
1034 3242 1119 3315 pro·

63 3326 177 3416 priam
193 3322 447 3417 voluntatem,
479 3343 556 3417 quae
574 3324 698 3413 utique
715 3320 920 3395 adversatur
936 3321 1117 3395 voluntati

64 3420 218 3517 spiritus.
267 3418 418 3497 Etiiita
430 3420 502 3517 est,
528 3420 780 3514 constetquod
793 3422 896 3511 hujus
912 3420 1035 3494 anime
1046 3440 1116 3493 vo-

63 3521 182 3597 luntas
198 3520 479 3614 quaedammedia
490 3520 646 3596 estimet
663 3518 1036 3615 cernemuspirimm,
1052 3517 1117 3593 uni

63 3622 136 3699 fine
153 3620 265 3695 dubio
285 3644 306 3695 e
323 3620 464 3696 duobus
480 3616 663 3715 seruiens,
694 3621 728 3694 &
744 3620 1017 3716 obtemperans:
1042 3618 1115 3691 cui·

63 3743 219 3814 eumque
242 3719 490 3815 obtemperare
506 3720 697 3817 delegerit.
746 3722 850 3821 ,Quae
868 3738 949 3793 cum
970 3716 1003 3793 se
1020 3718 1115 3791 dele·
1157 3741 1165 3751 ·

8 3826 13 3839 '
62 3819 279 3901 bubonibus
293 3822 407 3897 cumis
422 3820 636 3915 subdiderit,
652 3821 819 3897 eunucu
835 3814 1122 3899 bomineeteeite

424 3981 441 3995 -ε
509 3980 535 3997 ιι
562 3916 695 4019 Isin-izi
723 3958 740 3991 ·'.
779 3968 820 3999 ,·.·
890 3960 963 3995 ,κ’-,ἱ
995 3932 1099 3991 m
1131 3970 1135 3977 ·
