2498 4254
173 90 179 111 ⁸
271 153 349 234 ns
386 88 738 251 aurucir'ns,
790 126 996 233 crau
1075 178 1145 251 ης

83 320 331 419 cognovimus
357 319 400 391 ab
426 319 546 410 aliquo
577 316 770 409 predicari.
823 317 1025 420 Quomodo
1051 320 1147 397 enim

85 424 163 497 hoc
178 422 223 493 de
237 418 416 513 scripturis
429 432 604 512 potenurt
620 414 813 510 affirmare,
841 433 903 492 aut
922 440 1027 511 quam
1044 418 1147 492 diffe-

84 522 240 595 rentiam
272 519 355 590 dare
380 531 555 613 poterunt
586 517 680 588 inter
709 515 879 610 Spiritum
905 518 1083 612 sanarum,
1109 518 1153 611 dt=

86 618 261 713 Spiritum
277 617 455 690 sanctum?
481 616 517 687 Si
532 632 651 688 tamen
665 615 828 689 diffinitio
845 619 982 711 aliqua,
1009 633 1070 691 aut
1085 619 1146 693 de-

87 716 235 811 scriptio
253 716 406 788 inveniri
420 715 540 809 potest
553 715 703 807 Spiritus
720 715 835 791 sancti.
886 717 981 789 Nam
999 731 1041 789 ut
1057 739 1146 791 con·

89 818 254 892 cedamus
279 816 459 888 Marcioni
487 816 549 887 vel
573 816 773 888 Valentino
798 814 899 909 posse
924 815 1145 890 differentias

90 916 232 989 deitatis
246 916 437 1007 inducere,
464 914 499 986 δι
515 915 616 987 aliam
629 917 717 987 boni
730 927 911 1008 naturam,
937 916 1039 989 aliam
1049 936 1144 990 vero

76 1014 168 1109 ·justi
188 1014 415 1107 describere,
442 1014 525 1105 quid
547 1016 789 1110 excogitabit,
815 1030 922 1107 atque
945 1014 1029 1107 quid
1043 1016 1145 1088 inve·

89 1116 186 1207 niet,
212 1129 254 1185 ut
269 1112 505 1187 differentiam
523 1114 673 1205 Spiritus
687 1112 793 1188 sancti
809 1114 1047 1187 introducat?
1078 1114 1146 1187 Ni-

89 1214 137 1288 hil
155 1235 250 1313 ‚ergo
275 1216 355 1286 illos
379 1211 479 1306 pone
503 1214 545 1284 ad
568 1214 737 1290 indicium
757 1215 1022 1308 qualiscumque
1043 1212 1146 1289 diffe-

88 1316 211 1387 rentiae
231 1313 385 1385 arbitror
400 1314 575 1387 invenire.
611 1374 622 1387 .

161 1435 195 1487 2.
220 1412 304 1485 Nos
326 1433 419 1484 vero
447 1411 680 1486 existimamus
706 1414 805 1505 quod
830 1412 1145 1508 participationem

91 1512 161 1604 ejus
175 1513 332 1586 srmiliter
345 1526 388 1583 ut
403 1510 579 1605 sapientia
594 1511 665 1585 Dei
681 1512 830 1586 &verbi
844 1513 915 1586 Dei
929 1516 1062 1605 absque
1071 1516 1145 1588 ulla

88 1610 289 1684 differentia
313 1624 475 1684 creatura
495 1612 716 1685 rationabilis
737 1614 852 1687 omnis
873 1611 1027 1688 assumat.
1077 1614 1145 1686 Vi·

91 1710 156 1784 deo
181 1726 301 1784 tamen
325 1714 424 1805 quod
442 1711 640 1803 praecipuus
661 1709 764 1785 sandi
788 1712 938 1807 Spiritus
964 1712 1143 1787 adventus

93 1812 130 1883 ad
144 1813 317 1898 homines,
335 1810 417 1905 post
435 1810 671 1884 ascensionem
689 1810 817 1885 Christi
835 1816 871 1885 in
895 1815 1006 1883 coelos
1031 1813 1144 1908 magis

95 1930 190 2001 quam
214 1925 298 1982 ante
323 1909 519 1984 adventum
536 1912 610 2002 ejus
637 1909 848 1986 declaretur.
900 1908 1023 1983 Antea
1046 1932 1147 1987 nam·

98 2028 157 2099 que
179 2010 263 2105 solis
289 2010 498 2102 prophetis,
526 2009 560 2080 dt
583 2011 729 2102 paucis,
755 2010 780 2084 fi
806 2011 882 2102 quis
899 2010 997 2083 forte
1022 2011 1060 2083 in
1076 2032 1145 2103 po·

90 2110 171 2203 pulo
189 2107 397 2202 meruisset,
432 2110 566 2182 donum
590 2108 741 2201 Spiritus
767 2109 872 2183 sandti
896 2111 1143 2205 praebebatur3

79 2248 83 2262 =
92 2206 166 2299 post
185 2210 381 2281 adventurn
402 2230 495 2281 vero
510 2208 707 2281 Salvatoris
728 2212 896 2307 scripturn
911 2200 962 2282 e‘st
977 2208 1145 2301 adimple·

92 2320 162 2381 tun
182 2307 250 2387 elle
273 2307 387 2399 illud,
422 2307 519 2400 quod
544 2307 674 2380 aruum
689 2308 740 2381 est
761 2310 798 2383 in
813 2311 992 2403 propheta
1009 2309 1143 2404 Joele,

91 2407 167 2497 quia
188 2418 249 2477 erit
269 2413 306 2476 in
318 2402 497 2498 naviffimis
514 2410 639 2493 dietus,
668 2408 706 2483 si
720 2410 879 2500 effundam
897 2412 932 2480 de
942 2412 1065 2505 spiritu
1077 2433 1144 2481 meo

90 2504 303 2601 fttpmmnem
318 2533 457 2593 caruem,
485 2505 523 2582 (ὅ
537 2509 786 2604 prophetabunt:
812 2510 910 2601 quod
933 2510 1057 2601 utique
1069 2512 1144 2582 tale
1171 2594 1174 2599 ¹

44 2622 46 2633 ·
92 2604 139 2677 cst
155 2605 345 2679 ficutillud
368 2608 465 2699 quod
488 2610 552 2679 ait:
580 2614 812 2702 Omnergentes
827 2610 1021 2696 servientes.
1072 2608 1142 2682 Per

95 2706 232 2799 gratiam
251 2726 337 2801 ergo
360 2706 509 2799 Spiritus
530 2704 634 2780 sansti
661 2728 742 2782 cum
762 2710 905 2801 reliquis
929 2710 1144 2802 quampluri·

91 2804 150 2875 mis
182 2806 289 2878 etiam
321 2804 408 2879 illud
446 2803 820 2902 magnificentiisnnum
859 2808 1142 2903 demonstratur,

44 2936 46 2947 ·
96 2904 185 2993 quod
201 2927 243 2976 ea
253 2926 330 2995 quae
340 2905 377 2976 in
391 2906 578 2998 prophetis
589 2906 717 2998 scripta
732 2905 832 3000 sunt,
858 2909 920 2979 vel
933 2908 1013 3002 lege
1028 2906 1142 2998 Moy·

80 2998 134 3093 n,
158 3005 262 3098 pauci
295 3017 400 3098 tunc,
426 3005 464 3076 id
488 3006 538 3077 est
560 3004 622 3097 ipli
646 3008 854 3099 prophetae,
881 3007 916 3079 &
939 3006 1005 3077 vix
1029 3006 1141 3081 sicubi

93 3118 173 3174 unus
200 3126 245 3176 ex
270 3106 368 3177 omni
394 3105 532 3198 populo
559 3103 721 3198 superare
752 3119 899 3199 poterat
921 3104 1142 3180 intellectum

96 3220 327 3294 corporeum,
361 3203 520 3294 &majus
545 3203 693 3295 aliquid,
723 3204 859 3296 idest,
886 3203 1040 3299 spiritale
1055 3205 1141 3299 quid

95 3313 229 3391 poterat
249 3303 448 3398 intelligere
469 3304 506 3373 in
528 3304 607 3397 lege
629 3303 692 3375 vel
710 3306 923 3397 prophetis3
957 3326 1054 3378 nunc
1080 3327 1143 3378 au·

93 3408 160 3473 tem
173 3403 364 3475 innumerae
385 3400 465 3473 sunt
480 3403 723 3475 multitudines
741 3403 992 3496 credentium,
1019 3407 1080 3495 qui
1100 3406 1141 3477 li·

95 3512 231 3571 cetnon
249 3522 373 3571 omnes
386 3500 513 3592 poffint
524 3522 588 3594 per
605 3503 766 3575 ordinem
783 3516 889 3593 atque
907 3503 950 3575 ad
966 3503 1140 3595 liquidum

94 3593 244 3687 spiritalis
265 3599 508 3693 intelligentie
529 3601 720 3693 explanare
744 3600 1062 3696 consequentiam,
1087 3616 1140 3674 ta·

75 3702 167 3768 'rnen
188 3719 310 3770 omnes
331 3697 528 3791 persuasum
546 3701 703 3792 habent,
730 3700 966 3795 quod-neque
990 3704 1139 3773 circum-

97 3792 171 3873 cisto
191 3799 427 3895 corporaliter
443 3798 592 3899 intelligi
610 3799 764 3897 debeat,
790 3820 917 3893 neque,
928 3798 1138 3979 otirpmsab·

811 3948 814 3953 -
1021 3912 1104 3994 an,
