2498 4254
314 158 914 239 nnonnnronn
1068 166 1146 259 su

1022 276 1034 315 t
1115 304 1121 313 .

90 348 198 419 vere,
225 324 260 398 dr
283 325 477 422 sanguine,
502 328 541 399 in
557 323 733 399 calestem
757 324 895 397 fuerint
912 331 1049 398 mutrta
1065 323 1148 401 sub·

86 426 261 502 stantiam.

164 548 220 619 27.
250 530 367 597 Panem
385 524 523 623 nostrum
538 524 778 621 substantialem
793 525 833 594 da
847 522 934 595 nobis
950 525 1062 609 hodie,
1085 532 1149 595 aut

82 640 129 698 -ut
145 626 279 699 Lucas:
309 630 424 698 Panem
441 626 578 722 nostrum
589 624 823 722 substantialem
838 627 878 695 da
892 623 979 695 nobis
999 631 1037 695 in
1055 624 1147 695 diem.

87 726 274 823 Quoniam
298 724 500 800 existimant
519 726 628 815 aliqui
647 725 693 799 de
711 744 896 817 corporeo
918 745 1012 816 pane
1027 722 1147 816 juberi

87 846 158 896 nos
178 845 303 918 orare,
329 846 469 916 aequum
491 822 542 898 est
560 822 644 897 falsa
666 844 794 899 corum
812 824 991 915 opinione
1010 822 1148 896 sublata

85 942 209 997 veram
223 923 268 997 de
280 922 818 1018 substantialipanesententiam
831 944 1054 1016 proponere
1079 920 1150 1015 lgi-

86 1034 145 1093 tur
161 1025 205 1094 ab
225 1025 276 1097 eia
297 1024 527 1115 quarendum
547 1021 599 1096 est
619 1023 808 1113 quomodo
835 1023 895 1113 qui
915 1023 1003 1095 dicit
1021 1033 1150 1114 peten

86 1121 133 1194 da
148 1121 217 1195 eise
232 1121 383 1195 caelestia
396 1122 432 1195 dc
448 1144 598 1220 magna,
624 1135 746 1196 tamen
763 1142 845 1195 cum
861 1120 982 1212 neque
1000 1116 1150 1193 caelestis

88 1220 158 1293 srt
149 1243 178 1293 rs
197 1226 302 1337 panir
314 1225 374 1314 qui
390 1225 427 1295 in
450 1240 592 1296 carnem
612 1219 770 1295 nostram
786 1218 1004 1312 absumitur,
1029 1238 1151 1310 neque

87 1342 215 1415 magna
228 1323 360 1414 petitio
378 1322 420 1394 fit
439 1321 484 1395 de
502 1323 567 1395 illo
581 1322 742 1414 precari,
767 1323 796 1393 ir
814 1318 910 1411 quasr
925 1340 1054 1392 eorum
1071 1332 1150 1410 quae
1229 1364 1232 1369 -

87 1420 240 1514 docuit,
267 1421 460 1495 secundum
484 1420 761 1517 immortuus,
784 1418 829 1493 de
852 1432 999 1492 terreno
1021 1416 1151 1509 depar-
1210 1434 1213 1439 ’

87 1540 140 1591 νο
175 1541 301 1613 preces
332 1523 424 1615 patri
448 1518 573 1595 offerri
601 1521 737 1613 jubeat
801 1517 885 1591 Nos
917 1539 1008 1591 vero
1042 1517 1152 1612 magi·

86 1617 195 1693 strum
220 1620 333 1712 ipsum
354 1622 467 1695 secuti
490 1620 688 1694 docentem
713 1637 792 1710 quae
820 1618 864 1689 ad
886 1639 1017 1710 panem
1042 1616 1153 1708 perti·

85 1732 195 1802 nent,
222 1741 263 1792 ea
278 1722 440 1813 pluribus
456 1738 693 1811 exponemus
745 1712 1153 1813 AitinEvanigeliosc·

78 1810 245 1890 cundum
266 1821 446 1914 Joannem
466 1818 511 1890 ad
532 1839 598 1892 eos
626 1819 686 1919 qui
705 1813 955 1910 Capharnaum
973 1824 1153 1891 venerant

88 1928 132 1987 ut
151 1916 261 2009 ipsum
284 1929 505 2035 quaterent:
531 1920 654 2003 Amen,
683 1941 776 1989 amen
799 1916 866 1989 dico
889 1916 979 1987 vobis
1006 1916 1151 2013 quantis

87 2040 154 2103 me,
181 2041 247 2086 non
266 2023 343 2113 quia
358 2016 480 2114 vidistis
490 2018 597 2112 figur,
618 2018 672 2107 sed
687 2020 764 2113 quia
780 2016 988 2113 manducastis
1003 2041 1041 2085 ex
1051 2016 1153 2110 pani·

88 2114 229 2203 hund
190 2114 392 2203 &saturari
413 2117 492 2213 estis.
542 2118 616 2214 Qui
644 2118 739 2191 enim
768 2137 814 2190 ex
839 2116 894 2190 his
919 2112 1152 2189 manducavit

86 2217 239 2308 panibus
261 2219 388 2309 quibus
405 2213 505 2310 Jesus
521 2217 766 2308 benedixit,
756 2217 872 2306 risque
889 2218 1060 2309 impletus
1076 2208 1151 2305 est,

87 2317 198 2411 magis
225 2319 351 2407 querit
371 2312 486 2388 filiurn
508 2314 581 2390 Dei
601 2312 792 2409 perfedtius
815 2310 1152 2408 comprehendere,
1234 2378 1236 2387 ,

88 2414 123 2485 dr
144 2415 187 2486 ad
202 2414 312 2509 ipsum
331 2427 514 2509 properat.
566 2416 690 2513 Quare
712 2412 807 2487 reste
824 2414 1004 2509 praecipit:
1034 2418 1152 2509 Opera-
1218 2432 1229 2439 ··

88 2520 171 2586 mirri
183 2542 248 2586 non
260 2516 360 2585 cibum
370 2522 428 2613 qui
437 2520 544 2613 perit,
567 2516 620 2604 sed
635 2516 801 2611 cibumqui
814 2518 1030 2609 permanetur
1041 2518 1152 2585 uitam

88 2630 258 2709 aternam,
283 2640 370 2711 quem
378 2617 472 2705 filius
490 2617 627 2685 hominis
646 2617 734 2687 dabir
749 2616 849 2687 vobis.
900 2614 959 2687 Ad
975 2614 1053 2687 haec
1068 2630 1153 2685 cum

88 2715 355 2811 interrogarent
374 2717 435 2805 qui
457 2716 664 2807 audierant,
691 2714 920 2787 &dicerentr
947 2715 1038 2807 Quid
1048 2712 1153 2805 sacie-

92 2837 160 2882 mus
175 2830 212 2884 ut
228 2836 385 2909 operemur
397 2836 487 2909 opera
503 2811 596 2885 Du?
623 2815 781 2911 respondit
796 2815 914 2909 Jahn,
940 2812 1076 2907 &dixit
1086 2816 1152 2883 eir:
1179 2856 1183 2861 -

93 2915 148 2982 hoc
163 2914 203 3010 ιβ
219 2934 294 3009 opus
313 2919 378 2985 Dei
397 2929 437 2983 ut
454 2915 590 2984 credatis
603 2918 639 2983 ιἰι
659 2938 727 2983 eum
740 2938 830 3010 quem
845 2914 928 3008 misst
940 2914 1001 2984 ide.
1055 2911 1155 3007 Mifir

93 3025 212 3087 autern
234 3012 336 3086 Deus
355 3011 485 3093 verbum
503 3014 612 3099 suum,
636 3013 676 3091 θ
690 3014 829 3102 sanavit
847 3039 916 3097 ras,
940 3013 1040 3085 utin
1066 3011 1153 3105 psal·

90 3114 157 3188 mis
174 3111 343 3207 scriptum
364 3110 438 3201 est,
464 3133 530 3186 eos
544 3111 681 3187 scilicet
701 3113 762 3206 qui
775 3109 907 3186 infirmi
922 3108 1088 3205 fuerant..
1109 3108 1154 3183 Il·

91 3216 131 3286 lo
155 3212 271 3285 verbo
296 3225 494 3304 operantur
521 3213 712 3285 credentes
734 3233 848 3306 opera
867 3211 941 3284 Dei
974 3230 1053 3301 quae
1072 3210 1155 3284 sunt

92 3314 193 3385 cibus
216 3313 276 3402 qui
299 3323 488 3404 permanet
504 3312 543 3384 in
565 3313 676 3389 vitam
697 3323 879 3388 aeternam.
928 3306 1001 3403 Et,
1057 3314 1156 3382 Fater

91 3438 195 3500 meus,
221 3412 356 3505 inquit,
383 3412 438 3483 dot
452 3410 539 3481 vrbis
549 3431 663 3508 panem
676 3416 712 3482 dr
723 3412 792 3481 calo
806 3436 927 3483 verum.
955 3414 1056 3483 Panis
1072 3416 1158 3483 enim

95 3518 160 3583 Dei
178 3513 217 3607 ιβ
233 3518 288 3607 qui
306 3514 342 3581 de
354 3512 425 3584 culo
438 3512 591 3601 descendit
606 3518 645 3588 (5
663 3514 718 3582 dar
735 3516 840 3581 viram
857 3513 983 3583 mundo.
1034 3512 1157 3584 Verus

94 3625 212 3684 autem
231 3615 331 3704 panis
348 3610 399 3683 est
417 3612 478 3701 qui
494 3633 620 3685 verum
633 3612 747 3683 nutrit
762 3610 972 3700 hominem,
997 3632 1080 3703 eum
1096 3612 1158 3702 qui

95 3709 163 3780 ad
154 3714 343 3805 rmaginem
362 3711 440 3782 Dei
449 3708 561 3783 fartus
576 3709 646 3783 cst:
671 3731 745 3802 quo
760 3713 819 3799 qui
836 3714 961 3805 alitur,
988 3698 1096 3781 etiam
1113 3708 1159 3783 ad

92 3809 358 3935 fimilitudinem
374 3812 548 3885 creatoris
562 3808 725 3895 efficitur.
778 3811 1007 3909 Quidautem
1022 3808 1158 3883 alenda

989 3909 1125 3979 ssim&
