2498 4254
131 122 204 249 '392
460 138 916 265 oa1unu1s·

124 332 241 403 -quem
260 303 448 383 firbstantia
467 306 628 399 separari.
681 312 773 408 Quae
793 298 934 399 quidem
958 305 1120 397 quamvis
1146 305 1198 379 in·

125 408 280 483 tellebtu
299 410 410 481 multa
437 407 505 479 effe
530 408 713 500 dicantur,
738 430 778 479 re
802 424 921 479 tamen
948 406 981 478 u
1005 404 1196 477 substantia

132 528 246 583 unum
257 507 357 599 saint,
383 508 420 579 in
438 509 565 597 quibus
580 509 767 599 plenitudo
783 506 833 579 est
849 507 1055 579 divinitatis.
1109 505 1197 576 Hoc

133 622 261 683 atatem
272 607 383 700 ipsum
398 608 495 697 quod
507 607 675 700 dicimus,
704 611 783 698 quia
800 627 989 699 numquam
1007 605 1077 676 fuit
1088 625 1197 694 quan-

127 708 187 781 do
218 707 413 797 nonfuit,
441 729 521 778 cum
545 707 888 778 venia-audiendum
918 704 979 778 est.
1039 704 1136 774 Nam
1163 703 1198 775 δι

71 866 77 879 .
130 806 309 899 bacipsa
331 807 478 879 nomiiia
495 807 709 900 temporalis
734 805 906 878 vocabuli
932 801 1200 899 significantiam

133 920 294 1005 gerunt,
319 906 354 978 id
384 905 438 979 est.
457 906 599 996 quando
627 908 685 978 νε]
711 924 931 996 numquam3
959 904 1061 996 supra
1089 920 1200 975 omne

134 1020 257 1079 autem
266 1020 421 1098 tempus,
441 1003 587 1096 &supra
602 1007 722 1078 omnia
737 1005 873 1095 sucula,
891 1004 925 1077 u
940 1003 1042 1095 supra
1053 1023 1200 1075 omnem

25 1139 31 1148 ·
56 1141 58 1144 ⁴
133 1107 373 1183 aeternitatem
396 1104 626 1198 intelligenda
647 1103 726 1177 sunt
742 1128 790 1180 ,ea
812 1126 897 1195 quae¹
910 1104 954 1176 dc
973 1104 1077 1177 Patre
1094 1101 1128 1174 ὅ]
1144 1101 1202 1173 Fi-

132 1206 190 1283 lio
211 1205 395 1295 &Spiritu
412 1203 531 1277 santio
557 1205 734 1279 dicuntur.
789 1205 877 1275 Haec
904 1203 997 1279 enim
1020 1200 1095 1275 sola
1117 1200 1153 1272 T
1155 1200 1200 1270 ri-

134 1307 229 1379 nitas
250 1303 301 1375 est
318 1326 394 1395 quae
411 1324 555 1376 omnem
570 1301 710 1375 ,sensum
727 1304 970 1401 intelligentia
992 1322 1069 1377 non
1085 1300 1200 1373 solum

134 1405 366 1497 temporalia,
393 1424 519 1475 verum
539 1404 644 1475 etiam
662 1405 838 1476 aeternalis
856 1404 1009 1476 excedit.
1061 1401 1201 1493 qutera

134 1524 230 1577 vero
250 1525 326 1593 quae
342 1501 421 1575 sunt
440 1516 541 1574 extra
554 1501 792 1596 Trinitatem,
818 1503 855 1575 in
871 1501 1002 1576 saeculis
1016 1501 1097 1574 &in
1111 1513 1201 1573 tem-

63 1636 65 1641 ·
134 1603 288 1699 poribus
312 1602 491 1675 metienda
515 1602 604 1676 sunt.
661 1603 770 1674 Hunc
791 1603 898 1697 igitur
921 1600 1032 1675 filium
1055 1601 1126 1672 Dei
1151 1598 1202 1672 se·

128 1702 295 1775 cundum
315 1702 412 1793 quod
431 1702 584 1773 verbum
607 1700 658 1775 est
675 1702 776 1773 Deus
800 1702 898 1792 quod
919 1714 996 1772 erat
1014 1703 1052 1773 in
1072 1701 1203 1793 princi-

36 1832 39 1843 ·
124 1802 203 1899 :pio
219 1802 312 1893 apud
330 1804 469 1893 Deum,
494 1823 603 1874 nemo
622 1800 883 1893 consequenter
898 1803 1040 1893 putabit
1059 1800 1096 1871 in
1112 1802 1201 1871 ioco

127 1901 261 1991 aliquo
281 1901 482 1992 contineri,
508 1922 626 1992 neque
640 1900 833 1974 secundum
852 1898 1202 1994 quodsapientiaest,

126 1998 469 2090 ,neque'iecundum
485 2002 584 2091 quod
605 2002 740 2073 veritas
765 2000 835 2090 est,
872 2022 990 2091 neque
1010 1999 1202 2073 secundum

138 2100 240 2191 quod
255 2101 333 2173 vita
353 2100 431 2193 est,
456 2103 516 2172 νε]
528 2098 685 2193 justitia,
711 2103 774 2172 νε]
787 2097 1039 2192 sanctificatiO,
1066 2102 1129 2171 νε]
1147 2120 1203 2170 re·

132 2200 287 2272 demtio.
348 2200 436 2272 Haec
464 2201 557 2272 enirn
580 2202 700 2273 omnia
720 2222 796 2272 non
819 2201 980 2295 indigent
1001 2203 1117 2290 loco,
1160 2213 1203 2270 ut

136 2319 245 2391 agere
262 2299 347 2389 quid
362 2301 424 2373 vel
439 2301 580 2391 operari
598 2300 747 2392 poffint,
773 2299 832 2371 sed
848 2320 916 2392 pro
934 2300 988 2372 his
1011 2301 1070 2391 qui
1088 2301 1203 2371 virtu·

135 2398 184 2469 tis
205 2399 280 2487 ejus
303 2398 637 2491 inoperationisque
653 2400 891 2495 participant,
915 2400 991 2473 haec
1006 2400 1139 2495 singula
1152 2398 1206 2471 in·

130 2496 330 2590 ·telligenda
350 2498 439 2575 sunt.
696 2580 699 2585 ,

129 2634 134 2653 =
217 2617 271 2691 29.
297 2596 335 2671 Si
354 2621 447 2671 vero
464 2601 540 2690 quis
557 2600 654 2673 dicet
668 2620 733 2693 per
754 2622 819 2672 eos
838 2602 896 2691 qui
912 2599 1103 2694 participes
1122 2598 1205 2673 sunt

127 2696 245 2773 uerbi
261 2697 353 2789 Dei,
380 2701 442 2770 vel
458 2698 635 2791 sapientiae
654 2701 751 2789 ejus,
778 2702 840 2772 νε]
861 2702 1045 2788 veritatis,
1073 2703 1136 2770 νε]
1150 2701 1206 2772 vi·

127 2808 207 2886 uae,
229 2796 469 2889 ,etiamipum
488 2801 639 2871 verbum
654 2799 688 2871 δι
706 2799 909 2893 sapientiam
924 2800 1038 2872 videri
1062 2800 1098 2870 in
1113 2803 1202 2872 loco

130 2893 226 2969 effe:
254 2896 541 2988 respondendum
555 2898 607 2975 est
624 2901 677 2989 ei,
697 2903 778 2992 quia
790 2900 936 2971 dubium
953 2920 1028 2971 non
1044 2899 1204 2990 estquod

137 2992 297 3069 Christus
315 2994 625 3090 secundum-quod
648 3000 800 3075 verbum
827 2998 1049 3094 &sapientia
1070 2999 1120 3070 est
1142 3002 1206 3072 νε]

127 3108 269 3169 caetera
280 3098 429 3192 omnia,
456 3111 533 3171 erat
550 3100 588 3172 in
603 3099 740 3190 Paulo,
765 3099 1027 3192 propterquod
1040 3099 1202 3173 dicebat:

134 3199 209 3269 Aut
224 3202 470 3287 experimentum
488 3203 633 3295 queritis
650 3203 718 3297 rjus
734 3204 790 3294 qui
818 3205 853 3269 in
882 3227 928 3270 me
947 3202 1088 3296 loquitur
1111 3202 1206 3270 Chri-

85 3362 88 3369 .
126 3288 225 3395 flur?
257 3294 306 3367 Et
328 3296 479 3371 iterum:
512 3304 598 3369 Vivo
620 3316 723 3368 aurem
739 3303 810 3395 jam
833 3326 989 3392 managu,
1016 3305 1107 3367 vivit
1130 3326 1206 3370 veru

137 3393 287 3487 Christus
306 3399 342 3465 in
362 3420 418 3471 me.
471 3397 579 3470 Tunc
598 3420 684 3494 ergo
706 3420 787 3472 cum
805 3398 891 3471 esset
909 3402 945 3474 in
960 3400 1097 3490 Paulo,
1125 3402 1203 3490 quis

135 3491 316 3567 dubitabit
332 3498 430 3587 quod
447 3497 602 3570 similiter
627 3512 704 3570 erat
721 3498 758 3570 in
775 3497 909 3589 Petro,
937 3500 1019 3571 &in
1037 3501 1201 3592 Joanne,

127 3591 173 3667 ·&
187 3593 224 3667 in
241 3592 381 3688 singulis
401 3597 600 3689 quibusque
625 3596 852 3689 sanctorum,
882 3600 1009 3671 &non
1030 3597 1145 3672 solum
1167 3603 1203 3673 in

135 3692 192 3769 his
218 3692 277 3787 qui
302 3692 467 3769 interris
493 3696 592 3788 sunt,
627 3718 756 3771 verum
783 3698 874 3771 &in
896 3701 949 3772 his
975 3698 1034 3788 qui
1051 3701 1087 3769 in
1107 3703 1204 3772 coeiis

121 3789 254 3870 :sunit
280 3789 485 3874 Absurdum
506 3818 659 3890 namque
677 3796 728 3873 est
747 3797 889 3895 dicere,
928 3799 1010 3891 quia
1038 3799 1076 3869 in
1093 3797 1204 3876 Petro

235 3939 238 3943 ·
1014 3898 1155 3990 quidem
