2498 4254
291 105 367 190 DE
414 102 754 204 PRINCIPIIS,
804 102 908 189 LIB.
934 110 960 188 1.
1068 87 1159 213 ’.ις
1233 134 1242 145 “

166 296 203 370 3.
229 272 338 373 Quali
354 286 473 349 eutem
487 273 599 350 modo
619 271 858 359 intelleximus
869 268 1074 369 sapientiam
1092 275 1159 357 ini·¹

83 372 180 450 tium
193 375 335 449 viarum
345 371 418 448 Dei
433 372 524 468 effe,
550 371 784 465 &quomodo
803 386 922 447 creatu
933 372 1002 447 eise
1013 375 1156 469 dicitur,

88 468 226 572 species
244 473 380 549 scilicet
399 477 437 547 in
461 470 518 568 se,
546 473 704 546 &initia
727 471 840 544 totius
864 470 1095 566 praesormans
1120 477 1156 549 dc

69 576 284 663 ,continens
317 588 503 647 creaturaer
537 573 610 647 hoc
634 572 741 645 etiarn
764 573 877 645 modo
902 575 1053 647 verbum
1078 574 1157 650 Dei

90 696 166 749 earn
183 671 256 746 esse
278 672 547 769 intelligendum
566 671 616 745 est
634 692 699 764 per
720 673 793 768 hoc
812 671 912 762 quod
930 670 1003 765 ipsa
1019 676 1155 747 caetetis

91 773 279 865 omnibus,
306 772 343 846 id
359 772 410 845 est
421 769 594 845 universe
609 783 778 843 creaturae
790 770 1038 864 mysteriorum
1053 774 1088 846 δι
1102 794 1156 845 ar·

91 892 263 947 canorum
280 873 486 966 rationem,
513 892 590 964 quae
604 871 728 961 utique
743 871 838 942 intra
859 870 931 945 Dei
950 869 1156 967 sapientiam

91 974 348 1064 continentur,
374 972 531 1064 aperiat:
564 970 598 1042 ἃ
629 990 693 1065 per
723 970 797 1044 hoc
827 974 981 1043 verbum
1005 969 1155 1066 dicitur,

90 1072 168 1165 quia
180 1069 225 1144 fit
247 1083 416 1162 tanquan
433 1091 642 1143 arcanorum
662 1071 790 1143 mentis
807 1071 994 1166 interpres.
1045 1071 1156 1145 Unde

90 1168 237 1247 &reite
255 1170 342 1243 mihi
361 1169 471 1251 didius
492 1170 636 1242 videtur
655 1167 769 1243 sermo
789 1169 849 1243 ille
867 1171 927 1262 qui
947 1168 986 1243 in
1003 1166 1156 1242 Astibos
1235 1216 1238 1227 .

88 1268 184 1345 Pauli
216 1267 367 1363 scriptus
403 1268 454 1342 est
471 1270 560 1360 ¹quia
582 1271 636 1340 liic
659 1270 699 1366 est
722 1269 851 1369 verbum
876 1271 996 1341 animal
1021 1276 1153 1341 vivens.

87 1371 245 1468 loannes
273 1388 367 1445 vero
391 1369 560 1442 excelsius
584 1369 837 1460 &preclarius
859 1368 897 1441 in
919 1368 1025 1440 initio
1046 1388 1156 1442 evan·

88 1470 168 1573 gelli
192 1466 246 1543 sui
272 1467 381 1560 dicit,
416 1470 564 1561 propria
579 1466 797 1542 definitione
828 1469 950 1542 Deum
975 1466 1043 1541 else
1068 1466 1154 1542 defi·

88 1570 187 1643 nient
206 1570 385 1660 verbum,
411 1568 558 1641 dicens:
591 1570 639 1639 Et
661 1572 748 1639 Deus
769 1584 839 1638 erat
857 1578 1007 1655 ,verbum
1043 1565 1082 1643 (5
1097 1571 1160 1643 hoc,

87 1685 156 1740 erar
171 1673 209 1739 in
220 1672 319 1739 initio
333 1668 414 1762 apud
432 1674 540 1739 Deum.
594 1667 668 1782 Qui
684 1683 801 1741 autem
816 1668 954 1741 initium
965 1667 1026 1739 dat
1037 1670 1154 1741 verbo
1232 1712 1235 1719 ·

86 1766 178 1861 Dei,
205 1768 269 1840 vel
292 1764 468 1859 sapientiae
492 1767 587 1859 Dei,
612 1781 752 1840 rntuere
776 1789 823 1840 ne
848 1768 956 1864 magis
980 1768 1018 1839 in
1042 1765 1155 1860 ipsun

85 1867 282 1963 ingenitum
298 1883 438 1959 patrem
456 1868 675 1962 impietatem
694 1864 788 1939 suam
803 1866 934 1960 jactet,
967 1887 1048 1940 curn
1071 1889 1156 1943 eum

87 1980 199 2062 neget
217 1963 350 2058 semper
374 1980 513 2057 patrem
533 1958 657 2055 fuisse,
682 1964 892 2059 &genuisse
915 1968 1094 2058 verbum,
1118 1966 1156 2037 dc

89 2060 510 2157 habuissesapientiamin
530 2066 694 2137 omnibus
708 2065 965 2156 anterioribus,
991 2065 1053 2137 vel
1066 2079 1154 2137 tem·
1219 2058 1227 2065 ’

86 2163 260 2277 poribus,
271 2165 348 2336 stvel
366 2163 518 2258 seculis,
544 2163 644 2238 velsr
662 2164 745 2256 quid
761 2164 849 2237 illud
863 2163 913 2237 est
925 2162 1024 2257 quod
1038 2164 1155 2239 uomi-

85 2284 165 2339 uarr
207 2277 271 2337 ote
302 2319 312 2339 .
915 2272 920 2283 '

157 2287 204 2455 ἰ
220 2361 292 2435 Hic
306 2382 393 2460 ergo
414 2358 507 2435 filius
526 2364 632 2436 etiam
649 2362 807 2437 omnium
828 2383 904 2454 quae
921 2358 1001 2436 sunt
1017 2364 1156 2438 veritae
1217 2367 1233 2379 '

87 2458 138 2539 est
156 2462 192 2535 dr
209 2461 310 2551 vita;
343 2461 378 2533 dc
396 2460 503 2536 recle.
553 2462 649 2535 Nam
672 2463 858 2554 quomodo
880 2464 1051 2537 viverent
1075 2485 1153 2555 quae

87 2560 177 2635 festa
192 2559 293 2655 sunt,
319 2561 382 2634 nili
398 2584 443 2632 ex
463 2560 569 2634 vita?
595 2564 667 2635 Vel
685 2562 871 2654 quomodo
893 2565 1046 2636 veritate
1065 2585 1155 2637 con-

88 2654 220 2735 starent
241 2683 285 2733 ea
311 2681 388 2751 quae
413 2659 520 2752 sunt,
546 2660 608 2734 nifi
623 2684 669 2735 ex
686 2664 841 2734 veritate
862 2661 1153 2737 descenderent?

88 2758 160 2835 Vel
184 2759 374 2851 quomodo
400 2760 628 2832 rationabiles
661 2759 805 2854 pollent
833 2756 1151 2855 else'substantiae‚
1199 2840 1201 2845 ,

89 2860 150 2935 nist
168 2859 324 2933 verbum
339 2860 400 2930 vel
415 2860 509 2931 ratio
532 2857 783 2951 precederet?
809 2861 882 2934 Vel
902 2861 1089 2952 quomodo
1104 2860 1155 2935 sa-

90 2971 236 3055 perent,
264 2957 327 3030 nili
342 2956 427 3031 esset
441 2956 633 3050 sapientia?
661 2963 798 3035 Verum
815 2958 1159 3052 quoniamfuturum

91 3070 167 3131 erat
178 3071 222 3130 ut
242 3057 350 3129 etiam
367 3057 572 3131 deciderent
589 3060 694 3148 aliqui
709 3060 844 3153 avita,
870 3059 1072 3132 &mortem
1090 3060 1155 3134 srbi

89 3156 149 3251 ipsi
165 3154 427 3230 consciscerent
452 3178 497 3231 ex
517 3178 563 3229 eo
584 3156 661 3252 ipso
686 3159 784 3250 quod
809 3181 829 3231 a
853 3160 931 3231 vita
947 3158 1161 3235 deciderent.

91 3254 186 3352 (non
211 3257 308 3329 enim
332 3255 426 3327 aliud
447 3254 498 3328 est
520 3277 617 3329 mors
636 3279 740 3348 quarn
756 3281 776 3331 a
792 3260 869 3331 vita
894 3256 1098 3357 discedere)
1119 3262 1157 3333 dc

89 3356 214 3448 utique
228 3376 307 3427 non
323 3352 411 3427 esset
428 3353 674 3450 consequens,
699 3371 741 3429 ut
759 3381 801 3432 ea
819 3379 896 3451 quae
912 3356 1017 3430 semel
1039 3359 1082 3432 ad
1099 3361 1156 3432 vi·

90 3455 249 3527 vendum
275 3453 421 3526 fuerant
442 3470 632 3547 procreata
659 3479 679 3527 a
702 3458 808 3551 Deo,
844 3457 986 3550 penitus
1018 3456 1155 3552 deperi·

89 3567 191 3647 rent,
230 3554 399 3645 oportuit
431 3568 513 3628 ante
546 3569 701 3629 mortem
728 3555 796 3631 eise
820 3558 928 3633 talem
959 3556 1154 3651 virtutem,

91 3674 166 3743 quae
182 3653 342 3726 futtuam
362 3644 567 3727 dissolveret
582 3667 761 3753 mortem,
793 3656 828 3729 dt
847 3654 933 3749 esset
945 3654 1157 3735 resurreetio

92 3772 167 3844 quae
200 3754 238 3827 in
267 3750 435 3830 Domino
467 3754 501 3827 dc
531 3754 721 3830 Salvatore
754 3756 879 3833 nostro
903 3754 1058 3830 formata
1080 3756 1153 3849 est,

1028 3875 1108 3947 que
