2498 4254
164 178 219 220 -·
275 159 363 253 nn
400 174 742 273 reluctans,
791 173 981 258 trum.
1088 202 1158 275 215

89 334 173 435 Dei
192 358 284 433 opus
306 338 380 431 est,
406 360 482 413 non
499 341 567 413 erit
586 339 744 413 nostrum
767 360 865 435 opus¹
877 338 1068 416 secundum
1085 346 1159 417 vir·

91 450 216 513 tutem
234 440 382 532 vivere,
408 434 519 511 sedin
539 440 704 512 omnibus
725 438 796 511 Dei
813 442 933 534 gratiae
949 461 1040 535 opus
1057 443 1157 517 vide-

91 538 206 623 bitur.
258 536 347 611 Haec
364 538 504 631 quidem
523 539 646 611 dicunt
660 540 697 610 hi
718 539 779 630 qui
795 540 927 611 volunt
946 560 990 612 ex
1007 540 1157 617 auetori-

92 648 173 723 tate
193 637 323 711 divinae
353 635 534 731 scripturo
557 637 722 712 disserere
745 637 832 709 nihil
851 636 919 711 effe
941 639 1095 732 pofitllm
1117 643 1156 717 in

92 734 219 808 nostra
231 736 425 831 potestate:
453 738 577 829 quibus
591 736 881 831 respondebimus
898 739 972 811 hare
987 760 1064 813 non
1080 741 1157 814 tali·

92 850 152 925 ter
168 836 318 933 intelligi
337 849 532 930 oportere,
560 835 619 911 sed
633 838 721 911 srcut
734 837 759 910 fi
774 836 816 909 sir
830 837 953 929 aliquis
966 837 1154 935 ‚imperitus

92 932 128 1007 dt
145 934 336 1029 indoctus,
362 936 462 1027 isque
481 936 634 1010 sentiens
655 938 838 1031 imperitiae
854 936 920 1009 suae
934 951 1057 1010 notam
1079 939 1175 1011 five

93 1034 350 1119 adhortatione
377 1036 608 1131 cujusquam,
634 1036 708 1111 five
731 1036 958 1128 prudentium
985 1057 1153 1129 quorum·

93 1155 165 1225 que
178 1135 404 1208 aemulatione
420 1134 590 1232 pulsatus,
615 1136 731 1217 undat
747 1134 780 1208 se
794 1136 898 1207 alicui
914 1157 1020 1227 aquo
1039 1134 1154 1210 confr·

92 1232 156 1319 dat
174 1232 275 1325 polle
297 1233 329 1307 se
353 1232 541 1329 diligenter
556 1236 664 1309 imbui
683 1235 983 1327 &competenter
1001 1236 1152 1308 erudiri:

91 1330 122 1405 is
148 1354 236 1428 ergo
255 1335 314 1425 qui
329 1335 401 1427 jam
418 1335 516 1431 prius
533 1333 567 1408 se
588 1334 829 1407 obduraverat
852 1335 889 1406 in
907 1335 1101 1428 imperitia,
1127 1334 1152 1408 sr

90 1428 150 1535 ie,
176 1446 220 1505 ut
235 1432 402 1526 diximus,
431 1454 510 1506 cum
525 1436 622 1507 omni
637 1434 742 1507 animi
756 1434 957 1538 intentione
974 1434 1034 1506 dat
1046 1434 1153 1531 magi-

83 1530 190 1625 .str0‚
218 1546 324 1623 atque
350 1533 678 1626 obtemperaturum
704 1532 738 1605 se
769 1534 809 1605 in
835 1532 999 1607 omnibus
1025 1552 1150 1626 repro·

86 1631 222 1724 mittit,
248 1633 422 1726 proposrti
438 1635 512 1725 ejus
527 1634 731 1705 intentione
743 1631 925 1725 perspecta
941 1646 1150 1725 competen-

88 1742 149 1815 ter
174 1733 281 1819 etiam
305 1730 466 1827 magister
494 1733 725 1826 pollicebitur
750 1733 948 1804 ablaturum
970 1728 1006 1803 se
1032 1735 1075 1804 ab
1103 1753 1149 1805 eo

87 1850 239 1917 omnem
254 1830 484 1925 imperitiam,
512 1829 768 1905 &inserturum
783 1829 965 1922 peritiam:
989 1850 1067 1915 non
1076 1852 1149 1921 quo

83 1930 262 2025 ¹abnuenti
280 1930 450 2024 discipulo
473 1932 536 2005 vel
548 1931 718 2002 renitenti
733 1930 806 2002 hoc
826 1927 859 2000 se
879 1931 1067 2020 promittat
1081 1927 1150 2002 ess‘e

88 2028 289 2122 faciurum,
315 2028 374 2103 sed
390 2028 559 2103 offerenti
578 2030 612 2103 se
635 2041 741 2119 atque
762 2029 798 2099 in
815 2049 957 2100 omnem
977 2028 1150 2101 obedien·

87 2128 176 2199 tiam
193 2130 430 2221 mancipanti;
466 2132 515 2203 ita
538 2130 571 2201 dr
593 2127 733 2201 divinus
753 2126 866 2199 sermo
887 2127 1067 2218 promittit
1092 2128 1146 2199 his

89 2229 150 2318 qui
168 2229 344 2301 accedunt
361 2227 404 2301 ad
422 2227 477 2319 se,
504 2230 703 2302 ablaturum
718 2225 752 2299 se
773 2224 842 2300 effe
864 2246 929 2315 cor
943 2226 1145 2320 lapideum,
1169 2259 1175 2270 ·

86 2348 166 2401 non
201 2329 324 2419 utique
358 2330 400 2403 ab
432 2330 486 2402 his
520 2330 579 2421 qui
614 2326 647 2400 se
684 2348 761 2399 non
797 2325 973 2419 audiunt,
1013 2324 1071 2397 sed
1103 2325 1146 2399 ab

86 2425 144 2501 his
171 2427 231 2519 qui
258 2426 426 2499 doctrine
450 2427 517 2501 suae
542 2439 720 2521 praecepta
744 2423 956 2519 suscipiunt:
995 2422 1084 2497 ficut
1108 2425 1147 2497 in

74 2528 285 2623 evangeliis
299 2527 498 2600 invenimus
514 2540 727 2623 aegrotantes
750 2524 919 2597 accedere
937 2522 979 2594 ad
995 2523 1147 2597 salvato-

85 2644 187 2719 rem,
215 2641 383 2721 rogantes
399 2627 652 2721 utpercipiant
666 2623 867 2712 sanitatem3
896 2622 991 2695 &ita
1005 2623 1146 2696 demum

87 2726 217 2798 curari.
268 2723 317 2797 Et
343 2726 392 2799 est
412 2727 581 2818 quidem,
617 2725 720 2796 verbi
744 2726 873 2820 gratia,
907 2733 950 2793 ut
977 2737 1146 2795 curentur

68 2826 176 2919 ‘caeci
194 2826 231 2897 bt
249 2826 415 2919 videant,
442 2829 478 2898 in
498 2848 543 2899 eo
563 2823 704 2917 quidem
724 2822 822 2915 quod
838 2821 973 2917 precati
991 2819 1071 2892 sunt
1087 2821 1146 2894 sal-

85 2934 282 3018 vatorem,
321 2925 354 2997 o
380 2925 608 2998 crediderunt
633 2925 664 2995 ei
685 2921 784 3017 polle
809 2921 843 2995 se
868 2921 910 2992 ab
933 2941 979 2993 eo
1004 2920 1161 3011 curari,-

84 3042 182 3121 opus
197 3023 353 3123 ipsorum
378 3025 438 3121 qui
452 3026 565 3099 curati
591 3022 688 3101 sunt:
713 3022 751 3095 in
779 3043 825 3096 eo
850 3040 943 3094 vero
971 3018 1079 3192 qudd'
1093 3018 1144 3090 eis
1191 3073 1193 3077 .

981 3138 1021 3191 re
1070 3136 1095 3192 r·

308 3282 730 3359 Iurunrnarnrro
766 3302 912 3355 uovn.

87 3423 280 3499 admodum
304 3424 341 3498 in
366 3426 558 3521 evangeliis
586 3424 734 3518 legimus
756 3435 914 3516 egrotos
934 3417 1144 3501 accedentes

86 3526 131 3596 ad
152 3522 393 3615 salvatorem,
420 3544 525 3605 orare
535 3535 577 3611 ut
592 3521 774 3595 sanitatem
790 3520 1008 3614 percipiant,
1034 3517 1145 3591 &cu-

86 3628 167 3696 rari.
238 3620 287 3695 Et
313 3644 392 3699 cum
416 3623 501 3697 caeci
521 3623 627 3697 verbi
645 3623 756 3718 gratia
777 3618 890 3693 visum
911 3629 1142 3713 recuperant,

87 3722 138 3798 est
158 3720 326 3815 quidem,
354 3735 525 3814 quatenus
542 3723 678 3819 precati
697 3719 800 3814 sunt,
827 3740 952 3795 corum
971 3738 1062 3810 opus
1083 3716 1142 3807 qui

87 3823 206 3901 curari
227 3820 261 3895 se
282 3820 381 3917 polle
399 3821 656 3999 crediderugm
689 3834 861 3916 quatenus
881 3838 974 3895 veto
1000 3813 1145 3988 egsred.

460 3960 466 3967 -
640 3946 666 4019 4
1032 3930 1110 3986 nur
