2498 4254
224 148 305 227 DE
353 145 719 249 PRINCIPIIS',
769 151 932 235 alul.
1057 169 1108 253 811
1196 256 1200 265 ,

68 310 157 405 iqui
178 331 325 389 omnem
342 331 496 411 pugnarn
513 311 737 410 superantes,
765 316 954 412 &pacifici
970 315 1105 417 effeffi,

68 412 98 485 lii
126 414 227 508 pacis
253 416 287 487 dt
311 410 375 488 filii
397 415 470 487 Dei
495 414 647 489 fuerinta
671 420 732 489 vel
759 418 819 509 qui
843 416 1105 495 mortificantes

68 516 201 586 sembra
216 512 275 588 sua
303 514 477 608 quaesunt
499 513 600 610 super
621 532 773 610 terram,
800 516 1106 595 &transcenden-

68 631 94 685 as
119 634 200 685 non
225 612 339 687 solum
370 634 583 707 corpoream
615 634 802 709 naturam,
840 622 1107 699 verumetiam

68 714 165 785 rime
187 714 292 806 ipsrus
312 716 495 809 ambiguos
513 712 722 812 fragilesque
735 730 856 789 mettis
873 717 1106 810 adiunxerint

68 810 281 907 tDomino,
308 812 389 886 fatu
403 836 447 887 ex
459 815 602 911 integro
620 813 780 907 spiritus,
806 817 927 890 utsmt
941 838 1021 894 cum
1034 820 1106 911 illo

68 932 132 987 nus
150 915 291 1011 spiritus
316 912 476 1008 semper,
498 938 577 988 cum
607 912 681 1007 ipso
705 916 838 1011 fingula
862 938 1011 1009 queque
1036 914 1103 992 'dis

68 1029 256 1106 eruentes,
283 1035 468 1107 usquequo
489 1015 702 1108 perveniant
724 1018 761 1087 in
784 1016 858 1090 hoc
881 1030 923 1089 ut
941 1016 1103 1111 persede

68 1110 159 1187 ssedli
182 1115 353 1207 spiritales
386 1118 506 1187 omnia
536 1114 734 1213 discernant
755 1137 819 1207 per
842 1116 916 1189 hoc
940 1117 1040 1209 quod
1060 1117 1106 1193 in

68 1216 139 1287 mni
156 1210 339 1287 sanuitate
356 1216 541 1287 illuminati
558 1211 654 1288 sensu
667 1235 732 1308 per
747 1216 900 1289 verbum
915 1215 950 1288 dt
966 1214 1102 1309 sapien-

68 1334 124 1385 am
148 1313 220 1387 Dei
245 1336 265 1387 a
286 1316 389 1387 nullo
409 1316 551 1408 penitus
576 1315 704 1408 possint
724 1314 884 1387 discerni.
933 1316 1000 1390 Illa
1016 1314 1101 1391 sane

68 1417 107 1485 os
127 1434 350 1506 nequaquam
378 1414 582 1508 recipienda
612 1412 792 1489 censemus
809 1412 897 1511 ζ’),
923 1437 1000 1508 que
1025 1415 1102 1489 &e

68 1514 245 1588 uibusdam
260 1512 439 1609 superfluo
455 1518 516 1587 vel
532 1515 683 1605 requiri,
708 1517 769 1587 vel
786 1512 890 1588 astrui
903 1509 1034 1611 solent,
1060 1514 1101 1589 id

68 1610 204 1704 siquod
224 1615 347 1686 animae
369 1614 405 1685 in
424 1627 563 1687 tantiam
586 1612 636 1686 sui
659 1612 834 1688 decessum
859 1616 1029 1706 veniant,
1055 1626 1100 1709 ut

68 1726 170 1785 aturae
186 1714 407 1785 rationabilis
426 1734 468 1786 ac
484 1714 663 1810 dignitatis
685 1716 806 1788 oblitae
824 1717 929 1788 etiam
945 1716 982 1786 in
1001 1713 1101 1787 ordi·

68 1832 117 1885 em
131 1812 427 1885 irrationabilium
446 1813 695 1906 animantium,
722 1814 784 1885 vel
799 1813 1007 1906 bestiarum,
1033 1814 1099 1886 vel

68 1913 212 1987 mudum
246 1914 501 1988 devolvantur.
553 1914 623 1986 Pro
645 1913 780 2003 quibus·
799 1914 904 1984 etiam
928 1911 1098 2005 quasdam

68 2010 272 2107 xscripturis
289 2014 549 2086 commentitias
565 2012 694 2086 afferre
711 2010 940 2085 astrudiones
956 2009 1095 2106 solent,

68 2108 143 2185 lest
162 2113 261 2205 quod
285 2115 346 2185 vel
366 2134 473 2209 pecus
494 2116 550 2186 cui
573 2114 606 2185 se
634 2114 761 2185 mulier
782 2124 911 2184 contra
932 2127 1099 2187 naturam

68 2212 249 2307 rejecerit,
274 2214 316 2286 in'
326 2226 464 2287 reatum
480 2215 614 2308 pariter
629 2233 710 2285 curn
724 2212 874 2286 muliere
891 2212 1097 2286 devocetur

1002 2330 1164 2383 ac·

105 2458 169 2559 (¹)
196 2458 238 2533 H‘
260 2452 362 2559 doxa
387 2458 590 2555 o’mopp‘teoo
617 2490 661 2537 aa
680 2474 800 2547 καλε,
835 2488 893 2538 eet
918 2487 961 2555 ep
985 2484 1096 2553 tentet

68 2572 326 2661 ροσκλιναμινη,
355 2590 413 2637 και
428 2566 485 2637 ἐπι
502 2577 617 2639 maeror
634 2563 662 2635 ἐν
678 2588 970 2657 reusp'puouttu,
995 2560 1026 2633 εἰ
1047 2586 1095 2635 uu

68 2683 242 2757 meroes,
274 2660 345 2737 aimo
364 2690 421 2746 cue
438 2663 551 2751 α’νοιας
574 2663 817 2737 dnouement
832 2711 844 2743 ,
872 2686 933 2736 aet
948 2660 1019 2734 asmo
1036 2684 1095 2743 rut

68 2760 454 2861 mpteedveesruqteeat.
482 2760 760 2858 uetuer’ddrpo·
787 2790 845 2837 και
853 2761 995 2859 aspum
1005 2784 1095 2856 προς

68 2886 74 2932 t
93 2862 341 2956 abso-pedules,
372 2888 432 2937 aue
448 2890 506 2937 rav
524 2858 661 2961 ἔνυδρον,
697 2862 732 2935 iv'
751 2861 841 2937 asro:
860 2864 967 2939 iimo,
1002 2858 1091 2933 etot·

68 2980 89 3031 ll
113 2981 223 3053 ταχα
244 2961 324 3037 κατ’
341 2961 440 3057 ἄξω
465 2990 523 3045 nuc
544 2962 742 3037 intullerat·
762 2988 935 3044 neocaes
955 2982 1010 3027 rut
1029 2977 1093 3027 m·

68 3060 283 3145 petasones
305 3088 462 3145 σωματα
485 3062 572 3136 &stu
595 3063 702 3157 (forte
726 3060 863 3157 risqpu)
885 3042 994 3131 solede
1018 3042 1091 3153 ζωε

68 3172 155 3257 loqu.
207 3160 387 3257 Justinian.
402 3164 448 3236 ad¹
464 3164 597 3237 calcem
618 3162 714 3257 epist.
732 3160 776 3234 ad
788 3160 892 3251 Men,

99 3312 223 3383 Anima
237 3311 375 3409 defluens
390 3340 410 3384 a
426 3314 523 3408 bono,
550 3310 590 3389 (5
603 3339 735 3406 vergens
750 3315 791 3385 od
805 3310 1000 3406 nequitiam,
1017 3305 1090 3379 ditt-

68 3432 153 3509 lsque
172 3417 210 3483 iu
229 3418 294 3509 ipsa
310 3435 516 3509 permaneus,
543 3414 605 3508 nist
620 3416 799 3510 resipiscat,
823 3432 888 3507 pra
905 3408 1090 3503 infipientia

68 3508 201 3609 iratur,
228 3530 321 3612 atque
336 3515 371 3584 ol
382 3521 581 3610 pravitatem
602 3512 761 3604 brutescit.
813 3508 864 3584 Et
876 3506 1086 3603 paulopost:

68 3610 210 3711 sititque,
226 3631 263 3683 ul
280 3614 453 3704 brutescat,
479 3622 707 3700 etiamtiam,
734 3632 771 3683 ut
785 3617 831 3681 ira
848 3614 963 3695 dicam,
988 3632 1089 3704 equa·

68 3703 115 3775 'sm
134 3758 145 3791 s
175 3712 215 3790 ss
232 3714 323 3807 forte
337 3726 395 3811 'pro
412 3722 520 3785 merito
534 3721 665 3813 majoris
679 3717 719 3786 ad
740 3720 863 3785 uitium
883 3709 1088 3807 prolapsionis

68 3806 139 3876 sui!
155 3833 261 3907 corpus
275 3819 456 3913 aquaticum
471 3817 568 3912 hujus
582 3814 637 3887 vel
650 3816 750 3914 hujus
762 3815 852 3886 bruti
866 3809 1027 3883 animalis.

76 3910 231 4002 origenis
257 3911 345 3985 Tm.
372 3919 437 3990 111.
644 3913 675 3989 F
