2498 4254
260 160 358 238 nn
410 158 940 241 mauruntum.
1059 168 1132 264 top

70 326 143 406 Dei
177 315 274 401 illata
306 328 467 400 ferrent:
506 328 769 397 Rememoramini
806 325 966 423 pristinos.
996 327 1062 399 dies
1093 335 1133 401 iro

70 433 184 529 quibus
218 431 399 499 iluminoti
437 449 583 519 magnum
615 444 773 498 certamen
793 426 984 524 firstinoissir
1013 426 1131 523 poffio-

70 512 175 623 onim3
201 528 240 605 U
267 534 304 598 iro
325 526 427 598 altero
448 528 572 622 quidem
595 527 770 623 opprobriis
793 527 833 603 ὅ
862 527 1128 600 tribulationibus

69 628 276 728 [pebiocoloom
294 624 410 720 sotii:
444 629 480 696 iro
502 627 603 698 altero
627 644 733 698 ortem
752 628 827 716 licii
844 628 976 699 =toliter
999 654 1132 703 conver·

69 734 213 823 frontium
236 725 348 821 tfftfflo
399 727 488 797 Nom
513 725 553 804 (5
577 730 716 800 vinculis
739 725 882 821 compasso
906 728 990 823 estis,
1015 727 1055 805 Θ
1081 757 1131 803 ro·

69 836 181 931 pinam
204 829 351 900 bonorrooo
374 825 548 923 uestrorum
576 829 779 921 congaudio
799 827 994 924 suscepistis,
1027 855 1133 923 cogno·
1196 886 1200 891 .

69 934 189 1025 [center
219 955 275 999 vor
303 927 421 1001 -loobcre
452 929 609 1002 meliorem
642 936 682 1005 U
713 946 893 1001 monentem
918 928 1131 1026 soobssontiom

69 1038 113 1104 iro
138 1031 228 1100 colis.
279 1029 394 1103 Nolite
423 1032 529 1128 itaque
554 1033 702 1100 omittere
730 1032 952 1123 confidentiam
976 1029 1133 1128 orplrom,

70 1130 139 1232 q'uo
173 1154 313 1223 magnam
354 1127 449 1199 tolet
489 1134 781 1206 remunerationem.
837 1123 1011 1200 'Possessio
1048 1138 1132 1201 eooim

69 1230 158 1303 vobio
182 1225 347 1320 osceffim'o
372 1226 423 1324 etl.
474 1229 648 1325 Magnum
662 1228 769 1325 igitur
794 1226 828 1317 δι
853 1247 922 1299 nos
949 1239 1133 1303 certamen

70 1350 173 1406 nunc
196 1328 427 1402 sustineamus
452 1326 670 1423 pasionum,
696 1327 903 1424 opprobriis
929 1328 964 1399 bs
991 1330 1134 1402 tribula·

71 1429 235 1503 tionibus
269 1426 508 1520 speetocu'lum
539 1426 642 1519 fabii,
684 1427 719 1505 &
759 1447 840 1500 cum
871 1429 1001 1522 gaudio
1033 1428 1134 1501 sulci·

70 1532 216 1623 pientes
249 1529 408 1621 rapinam
441 1528 624 1601 bonorum
663 1524 880 1601 nostrorum.
946 1526 1136 1602 Credimus

70 1629 169 1701 enim
193 1631 382 1701 meliorem
407 1646 477 1703 nos
508 1626 642 1699 habere
667 1623 892 1701 substantiam
919 1645 996 1698 non
1025 1640 1137 1723 terreg

70 1728 245 1815 nam,'ac
271 1746 319 1799 ne
345 1745 561 1817 corpoream
582 1724 749 1817 quidem,
774 1722 835 1797 sed
859 1725 1071 1798 invisibilem
1100 1727 1134 1799 ba

71 1822 349 1916 incorpoream:
385 1824 641 1919 Contemplemur
665 1829 751 1895 enim
775 1848 841 1895 noro
865 1849 932 1922 qua
960 1826 1161 1919 oilmrurs

73 1925 137 1995 hoc
162 1928 248 1993 enim
273 1924 456 2021 temporalia
476 1923 573 2016 sunt,
607 1926 663 1996 ilo
684 1948 761 1997 vero
784 1940 912 1998 aterno.

146 2142 207 2212 45.
233 2121 304 2196 Sed
337 2122 509 2217 quoniam
543 2119 712 2197 nonnulli
744 2139 821 2194 non
852 2118 1035 2215 perspeita
1066 2122 1135 2196 dae·

70 2242 223 2310 monum
249 2236 375 2297 natura
400 2216 680 2319 ignorantesque
707 2240 772 2293 eos
797 2232 839 2296 ut
863 2223 901 2295 in
929 2219 1039 2295 denso
1061 2221 1135 2295 hoc

71 2341 158 2394 aere
184 2321 244 2411 qui
271 2335 400 2395 terram
426 2321 537 2395 ambit
559 2331 855 2414 commorentur,
881 2318 1057 2394 suffituum
1082 2324 1136 2394 in·

69 2421 193 2517 digere
231 2423 428 2511 alimento,
463 2419 718 2495 &observare
736 2419 811 2494 ubi
843 2421 951 2497 nidor
981 2433 1044 2494 aut
1076 2442 1137 2493 va-

67 2538 144 2615 por
175 2516 353 2612 sanguinis
387 2533 449 2593 aut
482 2520 597 2593 thoris
629 2516 697 2612 stt,
734 2519 778 2593 iia
809 2517 1006 2595 sacrificare
1041 2519 1137 2613 quali

68 2639 151 2692 reon
183 2617 453 2693 indifferentem
483 2631 616 2712 putant
645 2617 682 2690 &
715 2620 818 2713 parvi
852 2620 1043 2713 pendunt,
1081 2620 1146 2703 hic-

67 2716 280 2813 responderi
307 2718 354 2792 s1c
380 2716 519 2812 potasti
545 2716 570 2793 li
595 2719 620 2790 ii
646 2719 895 2809 qui-alimenta
921 2719 1138 2811 latronibus,

67 2816 225 2904 ficariis,
253 2817 468 2892 &barbaris
495 2816 612 2912 magni
637 2814 747 2913 Regis
772 2814 934 2892 hostibus
960 2818 1138 2911 praebent,

67 2928 114 2991 ut
149 2919 405 3009 rempublicam
438 2918 624 2995 violantes
654 2916 874 3007 puniuntur:
901 2929 1038 3008 quanto
1065 2928 1154 2991 ma·'

67 3017 124 3115 gis
151 3016 213 3106 qui
236 3017 407 3107 nequitia
427 3013 592 3089 ministris
614 3010 949 3088 sacrificandodant
967 3017 1137 3091 alimenta

67 3114 202 3207 quibus
223 3115 273 3187 -in
306 3117 395 3188 loco
430 3128 534 3188 terra
559 3114 686 3185 vicino
712 3112 971 3207 detineantur,
996 3115 1069 3207 illi,
1094 3134 1138 3189 ac

67 3214 227 3299 maxime
253 3217 312 3305 qui
339 3213 472 3289 sciunt:
506 3217 578 3306 Qui
596 3211 756 3302 sacrificat
780 3215 844 3284 diis
868 3218 1010 3300 alionis,
1035 3230 1139 3286 extm-
1207 3288 1213 3304 ,

67 3316 271 3398 minsitros,
298 3316 429 3387 merito
457 3311 717 3386 accusabuntur
729 3312 841 3404 ‚quod
867 3334 946 3388 non
973 3312 1039 3389 soli
1057 3313 1139 3389 Do·
1243 3394 1247 3403 ,

67 3412 201 3505 mino,
236 3410 294 3484 sed
320 3415 481 3488 omnium
508 3432 587 3504 quae
612 3410 650 3485 in
676 3413 779 3485 terris
805 3412 996 3510 accidunt,
1027 3415 1140 3489 malo·

67 3531 157 3586 rum·
180 3509 381 3584 astitoribus
407 3507 621 3590 sacrificent.
671 3508 765 3584 Puto
793 3513 900 3586 etiam
926 3513 971 3589 de
996 3512 1039 3587 iis
1062 3535 1141 3607 qua

72 3632 94 3684 a
122 3608 344 3683 doemonibus
371 3624 569 3704 peccantur
596 3628 678 3682 cum
694 3609 863 3683 homines
877 3625 1033 3707 venant,
1060 3630 1162 3687 non·

68 3711 192 3785 minus
224 3709 305 3802 ipsis
336 3712 427 3783 mala
460 3709 751 3804 perpetrantibus
784 3714 1009 3787 damonibus
1034 3731 1139 3786 occu·
1208 3778 1212 3783 .

68 3808 185 3887 satum
211 3811 254 3883 iri
282 3808 437 3909 eosqui
467 3804 648 3887 saciifieiio
672 3806 769 3911 ipsos
795 3810 919 3899 alume
953 3812 1139 3889 communi

551 3918 566 3955 ‘¹
806 3922 813 3929 '
989 3908 1105 3995 cois«
