2498 4254
279 144 378 223 An
430 90 962 222 unurrnru'u.
1078 147 1161 240 623·

85 313 341 389 Amorrhaeorum
367 316 552 405 inquorum
573 322 661 379 terra
681 306 860 401 habitati53
884 306 988 397 isque
1003 305 1064 399 qui
1081 324 1154 383 vob

85 415 294 503 erudiebat,
321 408 481 484 dixiffet:
508 408 574 502 Ego
593 424 700 503 eurem
724 405 763 483 b
777 409 883 477 toruus
898 429 963 475 meu
975 406 1154 494 serviemus

85 520 228 587 Domino
245 510 462 608 quiusaneius
480 508 531 607 efl.
582 507 694 579 Nunc
711 504 884 580 autemid
902 504 1011 578 vobis
1033 504 1156 579 dicen·
1234 566 1243 577 .

83 613 121 687 di
139 615 245 685 locus
264 632 341 684 non
363 607 436 681 est:
462 621 551 680 tunc
569 612 665 679 enirn
683 603 837 680 dixistis:
862 605 984 696 Atera
1006 605 1093 677 urbis
1114 620 1155 679 ut

87 715 304 809 relinquamus
325 712 499 782 firminum
512 705 551 783 (5
560 710 739 797 serviemus
754 708 817 776 diis
830 705 958 776 alienis.
991 708 1156 777 Dominur

87 812 179 884 Dius
196 811 298 907 noster
321 811 382 906 ipse
398 811 438 906 efl
465 815 562 897 Deus.
613 804 685 878 Sed
702 804 736 878 &
756 808 794 879 in
812 807 997 901 religionis
1014 805 1154 879 foedere

87 913 175 984 olim
204 908 412 983 dobboribus
440 906 567 981 vestris
586 904 827 1000 spopondistis
855 908 893 979 in
914 906 993 978 huc
1015 907 1152 981 verba:

85 1016 268 1082 Servremus
298 1017 398 1104 igitur
418 1013 556 1080 -Drruiur
585 1011 659 1103 quie
687 1006 748 1101 ipse
773 1008 811 1101 efi
838 1011 929 1077 Deus
952 1006 1064 1099 uesieu.
1114 1004 1154 1079 Si

88 1131 176 1206 ergo
198 1112 256 1200 qui
280 1107 381 1202 paea
402 1128 482 1181 cum
501 1106 710 1181 horninibus
732 1118 919 1178 conventa
942 1105 1158 1203 transgredi·

87 1225 164 1295 tur,
191 1208 401 1283 intestabilis
425 1206 566 1300 quidam
586 1204 620 1277 ἃ
641 1227 661 1276 a
679 1203 791 1301 salute
813 1206 951 1278 alienus
967 1203 1041 1284 est,
1068 1204 1156 1295 quid

88 1310 134 1381 de
156 1311 198 1380 iis
221 1308 412 1381 dicendum
433 1309 493 1400 qui
513 1324 578 1398 per
597 1304 876 1397 abnegationem
891 1305 991 1377 irrita
1013 1304 1154 1379 faciunt

87 1407 188 1502 pabit
212 1427 293 1479 cunr
323 1406 409 1479 Deo
431 1408 540 1497 inita,
567 1402 601 1477 tc
624 1403 668 1476 ud
689 1403 855 1477 Satanan
878 1418 1069 1477 recurrunt
1094 1406 1155 1478 cui

89 1528 171 1589 cum
187 1506 477 1600 baptizarentur,
503 1500 784 1576 tenuntiarunt?
810 1502 975 1577 Dicenda
998 1505 1094 1578 enirn
1112 1505 1155 1578 il·

86 1607 130 1680 lis
149 1606 229 1679 sunt
243 1626 321 1696 quae
338 1606 482 1678 dicebat
504 1602 587 1677 Heli
606 1599 690 1675 filiis
710 1599 800 1677 suis:
825 1605 867 1674 Si
881 1604 1031 1701 peccando
1047 1625 1155 1699 pecca·

87 1723 175 1777 veru
194 1711 252 1777 vir
276 1712 312 1776 in
334 1710 462 1791 virum,
489 1708 584 1775 eriam
607 1702 744 1773 erubunt
759 1722 818 1797 pru
840 1724 891 1777 ert
919 1706 959 1777 Si
980 1718 1088 1776 autern
1113 1704 1155 1777 iri
1220 1718 1228 1734 “

88 1800 264 1879 Dominum
281 1810 479 1900 peccaverit,
505 1807 577 1899 quis
596 1802 698 1873 orabit
713 1824 771 1897 prr
790 1799 851 1876 eo?

87 1944 98 1965 ·
166 1910 220 1983 18.
246 1902 377 1999 Ingens
410 1914 641 1975 convocatur
674 1921 814 1975 corona
845 1900 891 1976 ud
923 1898 1155 1995 spestandum

89 2014 272 2077 certamen
289 1999 464 2075 vestrum.
494 2021 574 2075 curn
592 2001 636 2074 ad
652 2002 861 2093 martyrium
880 2004 1086 2097 vocamini,
1112 2016 1157 2079 ut

86 2102 116 2175 'fi
142 2102 251 2174 miliia
277 2101 466 2174 hominurn
489 2103 602 2173 multa
627 2099 670 2173 ad
693 2097 905 2193 speurndos
938 2101 1091 2176 athletas
1114 2105 1159 2179 ir.

86 2201 213 2275 lustres
226 2199 412 2272 confluere
430 2196 642 2274 diceremus.
668 2201 882 2274 Neeruinus
898 2220 1004 2293 quarn
1023 2200 1155 2277 Paulus

89 2302 482 2392 dicerepoteritiscum
494 2300 697 2374 certabitis:
723 2300 939 2398 Speeiuculum
952 2299 1158 2392 faeiisuuue

68 2401 204 2471 -mundo
228 2394 267 2475 (5
296 2401 431 2493 Angelis
452 2398 491 2474 (5
520 2400 712 2477 huminibus.
764 2396 928 2475 Mundus
952 2402 1060 2496 igitur
1075 2405 1157 2478 uni·

86 2497 210 2573 versus
235 2497 269 2571 br
290 2520 419 2572 ornnes
438 2497 571 2596 Angeli
587 2500 703 2573 dextri
725 2495 944 2594 innitique,¹
971 2500 1158 2578 &onmes

86 2598 277 2687 homines,
312 2600 346 2670 br
371 2602 431 2690 qui
466 2596 497 2671 a'
517 2600 589 2673 Dei
614 2601 775 2693 partibus
809 2598 843 2672 δι
876 2602 937 2691 qui
963 2622 983 2673 a
1007 2604 1157 2693 reliquit

87 2697 202 2790 stant,
228 2695 386 2769 vestrum
408 2699 558 2771 audient
581 2720 649 2791 pro
669 2697 868 2772 Christiana
885 2701 1063 2795 religione
1082 2722 1160 2775 cer·

88 2811 231 2888 tamen,
257 2795 369 2868 &vel
385 2797 421 2868 in
439 2799 535 2869 caelis
549 2795 681 2892 Angeli
698 2795 803 2891 super
822 2799 932 2871 vobit
947 2800 1159 2894 gaudebunt

89 2895 125 2968 δι
136 2895 278 2992 flumina
292 2897 446 2991 plaudent
467 2918 564 2967 manu
586 2896 624 2968 in
646 2894 821 2989 idipsum,
848 2895 1017 2969 &montes
1031 2900 1160 2973 exuera-

88 2996 191 3080 bunr,
218 2991 257 3070 (5
276 3003 382 3066 omniu
400 2997 487 3089 ligna
507 3001 607 3091 rumpi
629 3001 726 3066 rumis
741 2996 812 3083 ficis
830 2998 1041 3095 applaudent:
1072 3000 1157 3094 vei,

90 3093 192 3188 quod
214 3094 317 3180 abfit,
345 3095 496 3168 infernae
515 3115 593 3188 quu
609 3097 710 3170 malie
731 3093 974 3188 delebantur,
999 3096 1160 3193 potesta·
1243 3130 1246 3139 ·

88 3210 147 3271 tes
167 3196 393 3270 letabuntur.
445 3195 529 3267 Nec
548 3195 608 3267 abr
627 3216 666 3267 re
683 3195 752 3268 erit
769 3215 843 3287 quo
863 3197 972 3292 magis
993 3198 1159 3293 negatio·

88 3297 146 3373 nis
167 3295 391 3388 impietatem
406 3293 650 3388 horreamus,
678 3315 722 3368 ex
743 3295 793 3368 iis'
806 3314 883 3385 que
900 3295 1036 3390 scripsrt
1052 3294 1158 3373 Isaras
1233 3297 1237 3304 ’

89 3394 218 3469 videre
246 3415 406 3484 quaenam
425 3397 518 3485 apud
542 3394 679 3467 inferos
699 3393 851 3467 dicende
871 3394 940 3472 fiut
961 3394 1065 3471 vietis
1084 3394 1117 3469 ἀ
1138 3416 1160 3473 u

91 3492 224 3567 caelesti
242 3493 416 3585 martyrio
437 3491 551 3584 lapsis.
601 3490 697 3566 Puto
717 3496 814 3569 enirn
832 3492 909 3569 baee
925 3495 957 3567 ei
974 3500 1035 3591 qui
1051 3498 1160 3591 nege

90 3595 210 3683 verit,
236 3591 366 3666 ditium
384 3593 446 3666 iri:
472 3591 629 3683 Infemus
648 3593 758 3680 subter
777 3594 976 3669 exacerbatus
998 3598 1160 3694 usitetur·

90 3716 166 3766 reus
182 3695 266 3763 eibi:
292 3693 556 3780 consurrexerunt
573 3693 632 3764 tibi
646 3717 751 3763 omues
761 3700 902 3789 gigantes
920 3700 978 3795 qui
991 3699 1158 3794 principa·

90 3793 211 3867 buntur
234 3809 346 3885 terre,
371 3799 429 3894 qui
455 3788 643 3871 excitabant
665 3793 701 3869 de
713 3794 805 3890 filiis
827 3819 928 3871 eonem
950 3818 1053 3869 omnes
1076 3810 1159 3888 reges

954 3901 1114 3995 rentium.
