2498 4254
248 198 328 329 nn
373 138 736 297 irruemus,
784 196 983 280 cmm
1069 196 1140 299 ηας
1227 240 1233 255 ,

85 367 149 441 tiri
171 364 322 457 debeat,
348 363 574 459 panderetur.
625 360 934 438 Nuncvideamus
953 364 1139 457 quomodo

85 466 252 540 homines
273 464 378 536 etiarn
392 466 430 538 in
444 478 631 557 peccatum
647 460 738 537 falsae
751 460 903 537 scientia
922 462 1137 559 dilabuntur,
1178 486 1187 500 ’
1216 550 1220 557 ¹

86 567 152 638 vel
181 586 252 656 quo
278 561 465 657 prospet’cu
488 564 642 637 virtutes
669 563 857 634 contrariae
874 563 991 663 ¹etiam
1017 564 1061 640 de
1081 563 1137 640 hit

84 684 222 764 pugnas
234 661 417 738 adversum
431 683 500 737 nos
521 660 659 737 soleant
672 680 917 740 commovere.
1039 748 1043 753 ,

328 925 330 927 ,
416 858 684 935 carun
732 816 832 936 111(

357 1015 417 1114 up
457 1013 620 1109 triplici
649 1013 873 1109 sapientia.
984 1025 986 1033 '

70 1174 73 1178 ·
91 1183 125 1237 1.
142 1168 325 1337 Docere
347 1182 416 1241 nos
441 1161 572 1234 volens
597 1160 732 1235 sanctus
754 1156 954 1254 Apostolus
974 1174 1140 1259 magnum

232 1351 236 1365 ,
266 1261 395 1352 aliquid
411 1259 685 1343 &reconditum
705 1259 957 1335 descientia&
973 1259 1142 1355 sapientia

87 1362 127 1434 in
143 1360 255 1454 prima
275 1361 319 1433 ad
336 1359 546 1435 Corinthios
567 1358 715 1459 epistola
731 1358 798 1434 ait:
823 1364 1021 1457 Sapientiam
1037 1378 1142 1435 aurem

88 1463 251 1559 loquimur
266 1466 353 1530 inter
364 1460 532 1556 perfefim:
550 1463 745 1559 sapientium
763 1485 838 1531 uero
854 1485 920 1530 non
936 1462 1033 1558 hujur
1048 1486 1142 1533 muu-
1239 1546 1242 1553 ,

80 1563 140 1649 pii,
166 1584 263 1656 neque
279 1565 459 1657 principum
481 1562 577 1657 hujus
593 1562 704 1633 muudi
719 1565 774 1658 qui
785 1560 1003 1658 destruamur,
1024 1563 1080 1652 sed
1096 1563 1141 1633 lo-

87 1667 218 1759 quimur
237 1665 296 1730 Dei
303 1662 494 1755 fiapieurram
510 1666 547 1730 iu
561 1659 936 1758 mysterioabscorrditam,
960 1684 1052 1758 quam
1059 1682 1142 1760 pra·

88 1761 261 1857 destinavit
279 1765 366 1831 Deus
383 1779 457 1832 onte
470 1761 583 1850 facula
600 1767 637 1830 iu
648 1761 780 1853 gloriam
796 1760 952 1856 nostram,
977 1786 1070 1856 quarn
1087 1784 1143 1833 na·

88 1886 138 1931 mo
149 1864 325 1956 principum
348 1861 444 1958 hujus
462 1863 573 1930 retundi
586 1862 749 1953 cogrmuir:
771 1860 900 1955 fiem'm-
919 1858 1142 1955 coguoviffent,

88 1984 255 2055 uunquam
294 1966 467 2030 Dominum
495 1954 665 2057 majesiotir
689 1956 920 2050 crucifixiffiut.
990 1960 1033 2033 In
1066 1978 1141 2051 quo

88 2061 276 2132 ostendere
298 2061 427 2132 volens
445 2057 691 2155 sapientiarum
712 2056 950 2152 differentias,
977 2050 1144 2132 describit

88 2158 160 2232 else
176 2159 346 2250 quandam
367 2160 470 2251 hujus
492 2160 613 2233 mundi
632 2157 863 2257 sapientiam,
890 2156 1012 2233 &else
1033 2178 1140 2251 quan·

89 2259 169 2333 dam
191 2258 390 2351 sapientiam
411 2258 608 2352 principum
627 2258 900 2351 hujusmundi,
927 2258 1027 2333 aliam
1046 2276 1140 2330 vero

89 2357 159 2431 else
175 2357 246 2429 Dei
263 2355 473 2450 sapientiam.
534 2356 654 2431 Sed&
675 2359 748 2433 hoc
767 2378 847 2430 cum
864 2356 973 2455 dicit:
1005 2361 1143 2456 Sapun-

88 2465 172 2530 tr'am
188 2462 365 2552 principum
382 2460 633 2554 hujusmundi,
667 2478 744 2530 non
770 2457 924 2530 arbitror
941 2478 1022 2533 eum
1044 2478 1142 2531 com·
1221 2538 1224 2549 Ι

87 2578 233 2633 munem
249 2558 397 2647 aliquam
420 2558 579 2633 omnium
604 2556 803 2651 principum
827 2556 930 2649 hujus
947 2557 1069 2631 mundi
1092 2555 1141 2629 sa·

87 2658 258 2751 pientiam
279 2657 416 2751 dicere,
442 2656 500 2731 sed
515 2658 729 2753 singulorum
744 2656 942 2752 principum
957 2657 1142 2753 propriam

89 2756 265 2846 quandam
283 2754 368 2829 milri
392 2757 535 2830 videtur
557 2756 713 2829 indicare
732 2755 946 2849 sapientiam.
996 2754 1046 2829 Et
1064 2774 1142 2828 rur·

87 2854 164 2930 sum
180 2877 260 2930 cum
280 2856 382 2930 dicit:
408 2859 468 2929 Sed
484 2858 643 2955 loquimur
663 2860 727 2929 Dei
738 2856 927 2953 fiapienrr'am
944 2860 981 2925 iu
1001 2856 1144 2953 nnrflemo

88 2956 316 3043 absconditam,
342 2982 433 3053 quam
450 2956 687 3052 pradestinavit
705 2960 795 3026 Deus
808 2956 1004 3049 onreJaecula
1026 2964 1062 3025 a'n
1077 2955 1143 3049 glri-

89 3060 172 3127 riam
190 3055 342 3151 nostram,
368 3055 617 3150 requirendum
636 3053 722 3129 estsr
739 3053 885 3129 eandem
904 3052 989 3127 dicit
1005 3052 1075 3127 Dei
1092 3050 1143 3127 sa·

86 3156 258 3251 pientiam
273 3156 364 3227 hanc
376 3177 451 3247 quae
466 3155 669 3228 abscondita
684 3153 734 3227 est
748 3178 767 3227 a
781 3154 1002 3251 temporibus
1018 3150 1092 3229 aliis
1105 3152 1142 3225 lla

87 3254 399 3351 generationibus,
428 3256 546 3326 &non
559 3250 807 3327 innotuitfiliis
823 3253 1026 3347 hominum,
1050 3254 1142 3327 sicut
1200 3330 1203 3335 ,

89 3375 187 3428 nunc
201 3355 359 3425 revelata
374 3353 423 3427 est
438 3352 558 3427 sanitis
578 3351 765 3446 Apostolis
787 3352 861 3444 ejus
881 3352 914 3425 &
928 3350 1140 3448 Prophetis,

92 3475 169 3544 quae
190 3467 265 3527 erat
285 3452 319 3525 δι
340 3455 399 3525 illa
420 3470 501 3526 ante
530 3452 723 3526 adventum
750 3451 954 3549 Salvatoric
973 3450 1143 3547 sapientia

90 3553 184 3645 Dei,
212 3574 255 3624 cx
278 3575 345 3642 qua
365 3551 499 3647 sapiens
526 3568 601 3626 erat
621 3552 820 3643 Salomon,
854 3572 925 3643 quo
947 3550 1144 3626 Salomone

90 3655 170 3746 plus
191 3650 258 3724 cll'c
274 3653 370 3742 quod
393 3653 502 3726 docet
517 3652 703 3743 Salvator,
729 3650 833 3744 ipsius
858 3650 1053 3724 Salvatoris
1073 3648 1143 3721 ser-

91 3775 153 3826 mo
172 3753 406 3845 pronunciat,
435 3774 513 3828 cum
533 3752 644 3825 dicit:
674 3753 721 3823 Et
737 3775 795 3820 ecce
815 3753 886 3847 plur
900 3752 1061 3822 Salomone
1076 3750 1141 3821 llic.

91 3851 138 3931 In
152 3872 224 3952 quo
241 3850 435 3932 ostenditur
447 3853 527 3955 quia
544 3852 656 4063 hilm}
670 3850 895 3933 docebamus
907 3846 1169 4043 nialuagxog,
