2498 4254
97 150 100 155 ’
249 175 329 254 nn
373 175 746 275 irruemus,
780 116 1008 257 aiam
1075 200 1147 279 au

86 344 144 419 his
160 343 220 434 qui
238 340 598 435 creduntscripturas
613 339 744 415 sanitas
765 341 1008 415 nonhumana
1032 343 1149 420 verba

87 444 205 533 aliqua
223 441 292 515 elie
312 442 534 534 composita,
549 440 728 515 sectandi
743 438 893 537 Spiritus
912 440 1145 535 inspiratione

87 538 314 634 conscripta,
346 542 589 627 &voluntate
612 540 684 629 Dci
707 543 817 633 patris
835 560 900 635 per
920 540 1144 633 unigenitum

85 638 200 715 filium
221 639 318 715 suum
334 639 450 734 Jesum
471 638 645 714 Christum
664 640 769 713 nobis
790 660 934 733 quoque
949 638 1019 713 esse
1038 638 1145 712 tradi·

86 750 126 813 ta
146 738 396 833 noemmin,
424 761 499 832 quae
516 739 623 813 nobis
639 738 807 812 videntur
828 738 923 813 reita
936 738 996 811 via
1016 738 1146 811 intelli·

87 843 216 935 gantiae
238 839 533 933 observantibus,
559 838 801 913 demonstrare
822 841 916 912 illam
934 840 1090 935 regulam
1110 838 1147 911 b

80 939 302 1041 'disciplinam
316 961 421 1031 quam
433 942 476 1013 ab
486 939 566 1035 Jesu
581 936 721 1013 Christo
736 939 901 1011 traditam
917 936 1148 1030 fibiAposto·
1200 1010 1204 1017 ,

87 1039 138 1129 li,
161 1061 226 1132 per
240 1039 489 1114 succeffionem
508 1037 658 1135 posteris
674 1059 820 1132 quoque
837 1039 904 1111 suis
925 1037 1073 1110 santiam
1089 1056 1147 1109 ec·

89 1138 227 1213 clefiam
254 1140 490 1231 docentibus,
526 1136 758 1211 tradiderunt.
808 1134 857 1208 Et
878 1136 1018 1228 quidem
1045 1134 1145 1228 quod

88 1236 364 1332 dispensationes
388 1240 544 1331 quadam
562 1235 718 1329 mysticae
739 1236 941 1311 indicentur
958 1248 1024 1329 per
1041 1233 1147 1329 scrip·

88 1349 187 1410 turas
208 1335 361 1429 ianuas,
388 1346 540 1433 omnes,
564 1350 606 1408 ut
628 1338 808 1430 arbitror,
836 1336 941 1409 etiam
960 1334 1149 1427 simplicio·

87 1454 147 1508 res
168 1439 298 1529 quique
312 1437 533 1511 credentium
549 1432 782 1510 confitentur.
831 1438 923 1531 Quae
938 1449 1056 1509 umen
1075 1434 1149 1507 ista

89 1537 154 1607 vel
171 1536 371 1628 cujusmodi
387 1536 477 1629 fint,
503 1535 529 1609 fi
545 1536 622 1627 quis
642 1534 745 1609 reiiae
762 1535 894 1609 mentis
919 1534 988 1626 est,
1014 1554 1082 1607 nec
1097 1535 1149 1635 5³7

89 1633 228 1709 &antiae
243 1636 337 1707 uitio
356 1634 523 1730 fatigatur
542 1635 737 1730 religiosius
763 1632 797 1708 se
818 1634 990 1706 fatebitur
1008 1635 1151 1728 ignora·

87 1754 148 1809 re.·
190 1734 285 1807 Nam
306 1734 423 1825 saquis
436 1732 562 1830 (verbi
581 1732 713 1830 gratia)
727 1747 912 1828 proponat
928 1733 1033 1806 nobis
1047 1734 1091 1805 de
1109 1729 1150 1805 fr·

86 1834 202 1908 liabus
216 1833 317 1925 Lot,
344 1834 443 1924 quod
460 1836 554 1928 patri
573 1846 702 1905 contra
716 1832 769 1907 fas
787 1832 956 1907 videntur
970 1832 1149 1925 admixta,

88 1934 152 2005 vel
167 1934 211 2007 de
224 1933 358 2007 duabus
371 1934 544 2005 uxoribus
561 1930 764 2023 Abrabam,
790 1932 865 2005 five
881 1933 926 2005 de
946 1931 1079 2003 duabus
1095 1928 1151 2004 so·

87 2033 230 2105 roribus
251 2054 328 2124 quae
343 2049 466 2125 nupta»
478 2031 560 2109 sunt
577 2032 714 2127 Jacob,
739 2031 814 2105 sive
829 2032 874 2103 de
888 2031 1023 2105 duabus
1041 2032 1148 2103 ancil·

85 2133 130 2207 lis
150 2132 437 2207 numerositatem
460 2130 495 2205 ei
516 2130 726 2227 augentibus
745 2127 924 2223 filiorum,
952 2128 1036 2222 quid
1054 2126 1150 2205 aliud

88 2231 298 2324 responderi
315 2230 556 2323 potest.quam
573 2228 641 2303 esse
660 2229 737 2303 haec
753 2228 971 2303 sacramenta
991 2229 1152 2321 quaedam

89 2330 272 2405 &formas
287 2329 521 2422 spiritualium
532 2350 673 2422 renim,
699 2331 843 2404 anobis
861 2342 981 2405 tamen
991 2327 1150 2424 ignorari

89 2430 291 2523 cujusmodi
311 2429 405 2503 sint?
439 2427 573 2503 Sed&
599 2428 900 2503 construbiionem
930 2428 1151 2503 tabernaculi
1180 2450 1187 2463 ·

89 2550 172 2603 cum
200 2528 369 2623 legimus,
403 2541 542 2603 certum
562 2526 917 2627 quidemhabemus,
951 2528 1050 2621 quod
1075 2529 1152 2621 haec

90 2650 169 2721 quae
187 2626 317 2720 scripta
340 2626 440 2720 sunt,
476 2624 597 2724 ligura
614 2628 838 2702 occultarum
856 2628 1085 2720 quarumdam
1096 2646 1152 2699 re·

88 2748 168 2801 rum
184 2726 282 2799 sunt:
309 2737 429 2820 aptare
451 2746 493 2799 ea
506 2741 626 2801 tamen
640 2725 708 2799 suis
726 2726 866 2820 modis,
892 2727 1006 2819 &per
1019 2726 1152 2821 lingula

90 2826 228 2920 aperire
256 2838 362 2917 atque
391 2822 579 2920 disserere,
601 2822 832 2919 perdifficile,
865 2839 1009 2899 utnon
1036 2825 1152 2901 dicam

88 2926 320 3019 imposibile,
346 2938 438 3017 puto
456 2922 535 3005 effe.
585 2922 726 2997 Tamen
742 2920 805 3020 (ut
826 2925 921 3023 dixi)
946 2923 1152 3017 descriptio-

87 3046 174 3107 nem
190 3026 286 3102 illam
311 3026 452 3119 plenam
474 3023 544 3099 eise
566 3020 840 3121 mysteriorum,
867 3027 972 3099 etiam
995 3040 1154 3099 commu·

1022 3146 1105 3199 uem
1126 3174 1130 3181 -

318 3266 746 3360 luraaraarfflo
781 3306 930 3362 uovr.
1071 3336 1073 3341 ·

91 3426 248 3521 spoliare
262 3427 426 3518 videtur,
451 3428 513 3499 vel
530 3426 727 3501 liberorum
750 3428 1066 3521 procreationem,
1091 3429 1155 3504 vel

91 3527 210 3619 bella,
231 3539 293 3599 aut
308 3529 389 3599 alias
408 3527 583 3617 quaslibet
602 3527 763 3601 historias
781 3549 858 3619 quae
875 3528 987 3625 vulgo
1007 3530 1154 3601 circum·

93 3625 180 3699 ferri
199 3624 362 3718 poliunt,
389 3622 519 3720 figuras
542 3624 610 3699 effe
625 3627 829 3720 declarant,
863 3626 923 3701 sed
937 3649 1084 3718 quarum
1100 3646 1157 3701 re·

95 3744 176 3795 rum
190 3722 309 3819 figauae
325 3725 414 3814 sint,
440 3725 618 3800 interdum
638 3739 789 3819 propter
798 3728 966 3801 'habitum
985 3748 1061 3799 non
1079 3746 1156 3801 ona·

95 3825 185 3898 nino
203 3826 294 3900 bene
310 3822 571 3923 compositum,
599 3824 787 4001 {siquando
808 3840 960 3924 propter
978 3824 1156 3901 temerita-

662 3946 682 4023 ς
1024 3936 1145 4009 tem,
