2498 4254
236 119 314 198 ou
362 115 701 215 ermenus,
748 114 851 197 um.
876 110 933 196 ru
1047 128 1118 223 ,σι

61 303 142 381 qum
160 283 200 359 in
213 276 416 381 Evangelio
428 280 593 357 mandata
611 281 711 374 sunt,
734 301 782 355 ne
802 280 954 368 dubitari
975 283 1121 375 quidem

60 382 206 481 potest,
237 386 323 477 quin
340 382 532 457 secundum
549 384 689 457 literam
704 403 808 475 quam
828 384 980 476 plurima
997 384 1119 457 obsera

62 482 290 576 venierint,
315 480 404 555 licut
421 502 503 555 cum
527 483 632 555 dicit:
661 484 726 575 Ego
740 499 845 553 autem
866 486 931 553 dico
945 486 1031 555 volis
1053 508 1120 557 um

54 588 171 683 jurare
186 588 332 655 omnino:
358 580 501 677 &euml
516 584 583 654 ait:
609 586 680 674 Qui
696 599 799 653 eutem
819 584 989 677 inspexerit
1007 588 1122 679 mulie-¹

62 684 182 765 remed
198 684 464 779 concupijtendum
479 704 560 767 eant,
582 686 657 779 jum
669 683 834 753 mucltatus
850 686 887 778 eii
902 709 967 753 eum
982 687 1119 757 incurii

53 784 127 877 suo.
175 781 246 857 Sed
264 783 298 853 dt
323 779 416 875 apud
434 779 580 855 Paulum
600 778 802 875 apostolum
818 801 894 871 quae
910 786 1121 876 praecipiun-

62 896 142 959 tur:
170 886 364 953 Communem
378 886 554 975 inquietus,
577 887 779 967 cunioiamr'ni
788 887 1004 978 pusillanimes,
1022 885 1120 980 sufli-

42 1001 135 1069 ,nete
152 983 305 1073 insumus,
328 984 488 1076 patientes
500 981 588 1077 eiiote
602 987 642 1053 ad
661 1004 782 1066 emmer,
806 980 922 1055 &alia
935 986 1118 1077 quamplu-

59 1085 161 1159 rima.
213 1084 474 1156 Verumtamen
493 1079 517 1153 sr
534 1083 612 1172 quis
629 1081 801 1153 attentius
818 1082 935 1176 legat,
959 1078 1036 1155 n'on
1055 1082 1118 1155 du·

62 1182 144 1255 bito
169 1182 269 1272 quod
292 1183 329 1253 in
353 1180 618 1272 quamplurimis
645 1180 824 1253 dubitabit
838 1195 956 1255 utrum
978 1183 1038 1253 illa
1055 1183 1119 1257 uel

59 1282 124 1355 illa
146 1279 291 1355 historia
309 1291 457 1372 putetur
477 1300 563 1352 vera
584 1275 654 1351 effe
672 1276 865 1353 secundum
881 1281 1045 1372 literam,
1072 1302 1120 1357 au

61 1381 180 1455 minus
195 1400 299 1466 verer
324 1377 459 1451 &illud
482 1379 541 1451 vei
558 1378 643 1451 illud
664 1393 904 1472 preceptum,
932 1395 1049 1454 utrum
1069 1379 1120 1453 se·

62 1474 221 1555 cundum
242 1480 381 1551 literam
406 1476 666 1551 observandum
690 1477 752 1568 sit,
784 1498 914 1554 necne.
965 1478 1121 1572 Propter

62 1578 163 1669 quod
184 1579 301 1651 multo
322 1568 440 1649 studio
466 1596 508 1649 ac
528 1579 653 1649 labore
678 1576 865 1649 nitendum
887 1574 964 1664 est,
999 1596 1122 1669 quate·

60 1696 132 1751 nus
151 1678 395 1767 unusquisque
413 1676 610 1771 legentium
628 1695 710 1748 cunr
727 1678 827 1749 omni
844 1682 1050 1749 reverentia
1063 1682 1121 1751 in.

61 1777 202 1871 telligit
219 1775 253 1849 se
278 1775 426 1863 divina,
445 1795 522 1847 non
551 1777 705 1849 bumana
723 1777 835 1849 verba
866 1775 1015 1849 mertare
1041 1798 1121 1868 quae

61 1870 188 1947 senilis
207 1874 304 1947 libris
326 1870 456 1946 inserta
474 1872 566 1949 sunt.

142 1994 200 2050 ro.
230 1972 314 2045 Nos
342 1991 429 2067 ergo
452 1993 555 2064 quam
579 1971 743 2047 videmur
770 1972 807 2045 in
837 1969 1017 2067 seripturis
1047 1970 1153 2061 sans

64 2066 129 2149 &is
141 2070 289 2170 digne&
304 2071 761 2162 consequenterobservari
777 2071 911 2145 debere
922 2076 1122 2167 intelligen-
1199 2160 1203 2169 1

63 2173 174 2267 tiam,
197 2170 402 2266 hujusmodi
415 2169 715 2247 eliearbitraruur.
762 2168 920 2247 Gentem
934 2174 1124 2349 quanim

500 2314 505 2325 .
575 2314 579 2321 ·
947 2294 1019 2367 prae
1044 2294 1073 2348 t·

230 2514 258 2541 ,Ι
287 2428 718 2519 lurrrrirrrrro
754 2404 902 2513 nour.
936 2534 939 2539 Ι

170 2532 175 2547 .
1108 2512 1119 2549 b

67 2564 179 2645 sensu.
230 2568 489 2646 Verumtamen
509 2571 568 2664 qui
590 2571 760 2663 attentius
786 2573 939 2668 legerit,
974 2572 1011 2646 in
1037 2593 1128 2648 non·

65 2670 172 2743 nullis
188 2671 362 2766 ambiget,
388 2693 456 2745 nec
476 2670 682 2745 line-multo
697 2674 867 2745 examine.
880 2676 1124 2765 pronunciare

65 2771 207 2863 poterit
227 2782 347 2845 utrum
369 2772 446 2845 haee
464 2790 540 2863 quae
560 2771 898 2865 putatur-historia,
932 2770 1127 2847 secundum

66 2869 208 2947 literam
229 2868 401 2943 acciderit
419 2890 562 2962 necne,
593 2871 798 2961 &hujusne
818 2873 1038 2966 legis·verba
1058 2870 1127 2943 ser·

66 2967 287 3062 vandafint,
313 2990 357 3043 an
375 2969 486 3049 secus.
538 2973 784 3067 Quamobrem
798 2968 938 3045 neceffe
952 2971 1055 3043 estut
1071 2988 1128 3042 ac·

69 3068 339 3151 curatualettor
357 3066 500 3143 servato
515 3069 589 3143 hoc
601 3068 799 3142 salvatoris
813 3086 1020 3164 praecepto,
1045 3073 1129 3149 [ιντο

66 3170 188 3245 iamim
206 3190 402 3265 nupturas.
435 3168 662 3263 quandonam
690 3189 817 3243 verum
836 3169 879 3243 sit
904 3170 1003 3261 quod
1023 3171 1129 3245 litera

72 3268 196 3363 inat,
210 3270 448 3362 quandonam
470 3268 512 3343 fit
533 3266 763 3362 impoffibile,
791 3268 976 3364 diligenter
1001 3272 1127 3361 expio
1201 3332 1204 3339 .

66 3412 80 3442 2
108 3380 157 3462 :‚'
182 3370 223 3443 ²&
252 3390 295 3442 ex
323 3369 481 3463 finium
505 3389 640 3441 vocum
668 3371 939 3461 comparatione
966 3366 1131 3441 diffusum

67 3471 205 3561 ubique
225 3490 290 3563 per
306 3466 493 3563 scripturas
510 3464 646 3542 sensum
665 3468 741 3560 ejus
764 3468 862 3558 quod
879 3467 1073 3543 secundum
1089 3466 1130 3541 ii·-

68 3582 184 3647 teram
203 3567 254 3641 est
273 3564 501 3660 impoiirbile‚
526 3588 595 3663 pro
612 3570 749 3641 viribus
772 3568 973 3663 investiget.
1119 3636 1124 3641 .

22 3752 30 3767 ,
147 3688 202 3745 20.
230 3669 414 3768 Quoniam
434 3668 542 3764 igitur
550 3697 567 3741 ,¹
588 3682 629 3739 ut
645 3664 867 3743 manifestum
889 3674 957 3745 erit
981 3663 1133 3764 legenti·-

66 3767 159 3866 bus,
174 3766 399 3864 impossibilis.
409 3767 460 3847 est
474 3767 666 3851 secuudum
675 3772 817 3852 literam
826 3766 954 3859 seriem
979 3767 1132 3948 offiiu-

944 3888 994 3970 pu
1057 3886 1088 3939 t-
