2498 4254
181 151 263 234 nt
309 143 650 242 rntncrrns,
698 141 802 223 tm.
825 141 891 223 ιιι
990 163 1063 247 207

68 319 169 397 noris
183 314 387 407 includere,
413 313 474 405 qui
491 311 616 403 utique
637 303 798 381 exclusus
812 328 833 379 a
845 304 958 383 solitis
971 330 1068 387 mea·

68 444 103 495 rs
125 418 245 511 serpet
266 415 340 489 fine
361 412 471 490 dubio
496 412 534 484 in
558 407 732 483 interiora
751 407 994 483 membrorum
1014 425 1065 485 at·

68 546 76 595 e
98 518 175 614 ipsa
193 516 315 589 vitalia
331 509 509 587 viscerum
528 506 752 603 penetrabit,
777 528 854 581 non
871 509 951 601 iarn-
968 530 1065 585 mor-

68 643 93 695 n
115 616 287 711 corpori,
312 610 372 688 sed
399 614 485 685 vitae
505 610 666 684 illaturus
690 606 856 681 exitium:
879 608 954 683 hoc
976 630 1064 707 ergo

69 719 173 795 do&
192 716 294 790 Deus
314 713 375 804 qui
392 710 509 785 noscit
527 709 672 783 occulta
690 706 830 799 cordis,
856 707 897 781 u
912 709 1065 802 praenos·

70 820 218 909 sutura,
243 834 309 907 per
324 815 471 886 multam
485 807 692 903 patientiam
705 804 866 902 indulget
881 803 961 881 fieri
973 830 1066 903 quae·

68 943 86 995 n
103 939 182 1010 quae
199 908 415 987 extrinsecus
426 910 618 983 incidentia
631 905 836 979 hominibus
853 926 1067 1001 provocent

68 1017 166 1093 rserri
188 1014 271 1087 &in
289 1013 408 1085 lucem
421 1009 619 1103 procedere
633 1004 804 1100 paffiones
825 1005 861 1079 ἃ
878 1009 970 1081 vitia
988 1030 1068 1102 qum

68 1133 171 1191 antur
187 1111 417 1187 intrinsecus:
441 1124 481 1181 ut
504 1130 568 1203 per
588 1109 665 1181 haec
686 1107 873 1204 expurgari
895 1107 930 1181 δι
952 1110 1069 1184 curari

68 1217 138 1291 lint
162 1214 200 1287 hi
224 1213 284 1306 qui
308 1231 373 1304 per
390 1211 537 1283 multam
561 1208 812 1303 negligentiam
836 1210 871 1282 dc
894 1209 1069 1285 incuriam

68 1330 243 1399 :catorum
262 1315 301 1385 in
319 1310 355 1383 se
378 1308 515 1381 radices
541 1330 583 1381 ac
608 1305 737 1385 semina
760 1323 998 1405 receperunt,
1023 1323 1068 1383 ut

68 1416 120 1489 ua
141 1414 240 1487 foras
256 1424 362 1503 atque
383 1410 426 1481 ad
449 1407 670 1501 superficiem
683 1426 914 1506 provocata,
942 1412 1068 1485 evomi

68 1512 279 1589 >dammodo
292 1507 651 1605 polsmtdcdigerizut
665 1510 795 1585 etiamfi
809 1509 976 1584 videatur
988 1512 1068 1603 quit

68 1613 237 1695 ‚trieribus
264 1608 354 1683 allici
381 1610 508 1700 malis,
533 1607 617 1681 dum
640 1610 885 1685 membrorum
906 1612 1070 1687 omnium

68 1715 154 1787 inet
168 1709 442 1800 convulfiones,
468 1708 574 1800 poffit
595 1720 717 1783 tamen
732 1708 861 1783 cessare
876 1711 1069 1805 aliquando

68 1812 218 1887 definere
237 1809 273 1881 u
291 1809 487 1884 satietatem
510 1826 639 1899 capere
659 1810 857 1902 malorum,
891 1810 926 1883 u
947 1811 996 1886 fic
1023 1814 1068 1888 ad

68 1934 139 1987 mm
165 1908 265 1985 suum
292 1906 375 2003 post
395 1909 524 1981 multas
547 1906 726 1981 molestias
750 1910 918 2002 reparari.
966 1912 1069 1988 Deus

69 2035 109 2090 m
120 2007 294 2104 dispensat
309 2009 445 2080 animos
459 2019 537 2078 non
551 2005 595 2079 ud
607 2006 698 2080 istud
711 2005 824 2082 solum
839 2009 924 2082 vitae
941 2012 1071 2086 nostrae

68 2134 125 2185 eve
141 2123 307 2203 tempus,
333 2106 432 2201 quod
443 2108 537 2179 intra
562 2106 740 2202 sexaginta
760 2106 837 2181 fere
860 2110 962 2184 autli
986 2108 1072 2204 quid

68 2211 161 2305 pliur
197 2228 309 2280 armos
348 2203 597 2300 concluditur,
634 2204 695 2279 sed
726 2204 771 2280 ad
788 2223 1010 2383 perpetuum
1036 2213 1072 2287 dt

68 2330 185 2385 arnum
207 2319 370 2400 tempus,
396 2320 564 2397 tanquam
580 2319 733 2381 aetemus
750 2307 824 2403 ipe
841 2308 877 2381 u
889 2310 1073 2386 immorta-

68 2461 81 2502 ‚
104 2408 361 2483 immortalium
374 2426 521 2497 quoque
531 2406 722 2481 animarum
737 2408 1005 2503 providentiam
1018 2426 1072 2487 te-
1105 2472 1118 2481 .

68 2528 114 2584 nt.
166 2505 481 2599 lnconuptibilem
502 2526 655 2595 namque
674 2504 764 2581 fecit
787 2504 857 2581 effe
879 2511 1074 2587 rationaii,

68 2630 85 2681 n
102 2620 289 2699 naturam,
319 2626 425 2697 quam
442 2606 485 2677 ad
500 2607 689 2701 imaginem
705 2603 800 2681 suam
819 2628 862 2682 ac
879 2609 1073 2687 similitudi

68 2728 98 2783 m
116 2704 296 2781 condidit:
323 2705 456 2777 &ideo
475 2724 552 2779 non
570 2704 774 2779 excluditur
787 2708 968 2783 brevitate
983 2724 1074 2787 tem-

68 2808 113 2881 rie
129 2807 235 2898 hujus
249 2806 336 2877 vitae
350 2800 480 2878 nollrae
494 2807 620 2879 acutis
630 2802 666 2877 dt
676 2805 843 2881 remediis
856 2806 987 2885 divinis
1000 2812 1074 2887 ani·

68 2928 172 3003 ;quoe
187 2904 401 2985 inmortalis
419 2902 483 2981 est,
1061 2960 1064 2967 .

736 3078 738 3083 ,
881 3028 939 3101 14
949 3006 1022 3083 Sed

236 3162 663 3243 incatenat-arro
697 3184 847 3247 nova·

68 3305 180 3383 nedils
206 3306 244 3378 in
263 3307 454 3381 'meliorem
478 3304 607 3381 statum
635 3304 773 3381 restitui
804 3306 920 3401 pollit
969 3308 1073 3385 Deua

68 3412 107 3481 [m
127 3406 259 3480 animas
273 3405 412 3479 nostras
432 3426 510 3479 non
532 3406 576 3479 ad
596 3407 850 3503 quinquaginta
866 3421 954 3502 puta
969 3410 1073 3504 huius

68 3530 100 3581 ae
113 3527 253 3597 annos,
278 3503 337 3579 sed
353 3506 397 3579 ad
409 3503 660 3602 sempiternum
672 3526 793 3581 aevum
809 3506 1000 3602 dispensat3
1021 3512 1076 3584 in·

68 3605 289 3700 rruptibilem
307 3608 439 3699 quippe
456 3605 544 3679 fecit
556 3620 718 3679 neutram
727 3605 985 3705 intelligentem
996 3610 1075 3685 libi·

68 3730 83 3781 e
99 3718 314 3801 cognatam,
332 3726 435 3779 neca
449 3709 635 3780 curatione
652 3706 951 3798 quemadmodum
958 3712 997 3785 in
1006 3710 1076 3786 hat

69 3826 113 3903 a,
133 3804 291 3885 ratiouia
305 3826 459 3903 conpos
482 3808 597 3887 minu
613 3806 826 3889 excluditur.
896 3889 899 3897 ,
965 3903 1003 3985 h
1061 3818 1075 3865 r
