2498 4254
246 96 355 210 'eo
405 98 967 231 mennonium
1055 137 1126 232 607

65 316 140 393 quo
162 294 330 392 scriptum
354 291 407 370 est
432 296 488 370 hio
511 294 592 391 ipses
619 294 762 370 verbist
794 298 1005 370 Vecavesunt
1023 316 1072 367 ess
1088 297 1129 370 ad
1216 316 1221 329 ¹

10 434 15 469 r
58 399 220 491 juctific'ie
241 397 390 468 idolerum
404 398 560 487 suorum,
586 395 625 473 (5
643 398 771 472 comedit
789 397 924 493 populus
942 420 981 467 ex
998 398 1063 468 illis
1076 399 1128 486 sa·
1210 414 1214 419 ·

64 501 217 590 crificiis,
242 495 281 572 (5
298 498 515 569 odoraverunt
533 500 618 572 Deos
636 521 759 582 earum,
786 501 1004 593 initiatusque
1026 498 1064 594 efi
1085 494 1130 587 Is·

10 630 20 669 ι
63 597 134 673 saei
154 598 352 694 Beelphegor.
403 594 567 670 Observa
587 616 665 670 non
686 593 816 669 dietum
836 593 924 669 etse:
950 592 984 668 de
1006 598 1129 669 colue-

10 712 24 767 t
63 696 150 772 sunt
170 695 273 770 Deos
296 713 442 786 earum
467 695 701 788 nequeenim
723 690 803 767 fieri
821 708 968 790 poterat
985 707 1026 765 ut
1046 692 1128 789 post

16 830 29 869 s
63 809 126 869 tot
144 794 242 893 dgna·
256 808 388 887 totque
405 794 587 890 prodigia,
614 788 729 867 unico'
743 796 918 888 temporis
935 805 1128 867 momento
1166 850 1170 859 ,

10 930 28 967 ι
64 916 113 968 eo
132 894 397 968 adducerentur
415 904 437 967 a'
452 894 660 970 mulieribus
682 914 763 967 cum
780 894 908 986 quibus
923 893 1129 967 scortabana

10 996 27 1071 ι’
63 1006 146 1085 tur,
171 1006 213 1066 ut
232 994 330 1067 idola
348 993 454 1067 Deos
471 990 541 1068 effe
565 1006 747 1088 putarent.
796 988 959 1066 Forsitan
981 991 1129 1097 &uitu-

10 1126 25 1171 ι
63 1095 138 1166 lum
153 1114 260 1185 quem
274 1094 312 1166 in
325 1091 460 1167 Exodo
478 1090 599 1167 fecitte
616 1106 825 1177 narrantur,
851 1091 899 1166 stc
918 1092 1126 1185 adorarunt,

10 1230 23 1271 ι
63 1206 142 1265 non
162 1196 329 1266 colentes
348 1213 393 1265 ex
413 1193 534 1266 animo
552 1212 659 1286 quem
675 1187 754 1265 fieri
768 1191 946 1279 viderant,
995 1189 1129 1264 Proba·

10 1316 21 1373 i

63 1293 119 1363 tio
139 1293 246 1388 igitur
263 1291 296 1364 de
319 1310 469 1364 examen
490 1288 619 1365 nostre
638 1310 720 1386 erga
732 1288 853 1364 Deum
874 1290 1058 1364 charitatis
1074 1290 1128 1363 in·

62 1389 158 1462 stans
189 1388 260 1464 eise
287 1392 445 1463 tentatio
477 1391 637 1485 putanda
665 1389 746 1489 est3
783 1408 891 1461 tentat
925 1390 1023 1464 enim
1055 1408 1128 1465 vos

63 1487 196 1583 Deus,
230 1501 272 1562 ut
297 1492 335 1563 in
358 1488 656 1593 Deuteronomio
680 1486 849 1588 scriptum
873 1486 950 1584 est,
987 1504 1025 1562 ut
1042 1491 1128 1579 sciat

10 1662 13 1675 ,
64 1605 177 1660 utrum
191 1592 331 1683 diligetis
342 1595 516 1662 Dominum
535 1596 640 1664 Deum
656 1588 795 1686 vestrum
806 1615 844 1659 ex
856 1592 1016 1661 totocorde
1027 1588 1128 1687 vestre

64 1687 106 1764 U
127 1715 166 1760 tx
193 1704 266 1761 tete
296 1692 404 1772 anima
429 1688 546 1786 uestro.
596 1688 669 1762 sed
696 1709 767 1762 vos
794 1690 924 1764 tentati
951 1693 1128 1762 Dominum

65 1791 172 1859 Deum
186 1789 323 1885 vestrum
332 1789 526 1886 sequemini,
551 1788 590 1863 U
606 1788 708 1885 ipsum
721 1791 892 1874 timebitis,
919 1788 958 1865 (5
976 1790 1128 1863 maudoit

64 1891 132 1983 ejus
147 1887 319 1982 custodiens
336 1885 511 1982 (maxime
525 1886 632 1962 iilud:
658 1912 725 1959 nen
739 1906 835 1961 esunt
848 1890 908 1959 tibi
922 1891 968 1959 dii
979 1890 1041 1960 etis·
1049 1909 1130 1985 pta·

64 2001 116 2056 ter
137 1990 200 2074 me)
223 1987 262 2062 θ
284 1989 420 2058 audietis
442 1967 546 2059 vetem
568 1994 658 2087 ejus,
683 1987 722 2064 (5
744 1990 797 2086 ipſs
820 1989 1039 2081 adhaerebitis,
1066 1990 1128 2082 qui

63 2103 137 2156 vos
156 2105 201 2156 ex
218 2086 273 2158 his
292 2086 385 2158 locis
407 2099 582 2180 acceptos
603 2085 668 2161 fibi
688 2088 859 2189 adjunget
875 2093 1129 2185 inaugmentum

63 2189 152 2274 Dei,
177 2198 219 2257 ut
243 2183 642 2281 loquinmnpostolus.

138 2501 172 2579 7.
198 2481 312 2582 Quod
338 2481 365 2574 fi
389 2502 501 2559 omne
525 2490 678 2562 verbum
697 2489 831 2563 malum
859 2487 1053 2562 abominatis
1076 2486 1128 2564 est

63 2586 203 2656 Domine
227 2583 313 2671 Deo
342 2595 434 2676 tuo,
467 2598 600 2679 quanta
626 2588 852 2661 abominatio
882 2588 1041 2683 putanda
1075 2586 1129 2663 est

62 2685 197 2759 malurn
224 2684 429 2776 negationis
455 2676 608 2760 verdum
621 2700 649 2775 ,·
667 2688 781 2760 malus
808 2708 883 2778 quo
908 2688 1010 2761 Deus
1037 2688 1129 2761 alter

62 2780 313 2867 renunciatur,
332 2778 477 2874 sermo,
504 2783 688 2858 &malum
706 2784 952 2877 iusiurandum
972 2805 1039 2880 per
1055 2784 1130 2862 fos·

62 2886 188 2953 tunam
203 2879 382 2966 hominis,
406 2900 482 2953 sem
504 2884 665 2956 omnium
687 2883 834 2957 minime
856 2880 1130 2961 subostentemt

64 2978 152 3052 Hoc
175 2999 258 3052 cum
278 2981 388 3053 nobis
408 2993 658 3075 proponetur,
685 2982 780 3056 iliius
801 2982 1000 3058 moeniuiffe
1017 3002 1130 3078 opor·

63 3089 145 3172 tet,
176 3079 236 3169 qui
254 3076 403 3154 docuit:
432 3081 497 3173 Ego
513 3098 618 3152 eutem
633 3084 698 3153 dice
714 3083 801 3155 vobis
818 3109 881 3154 uon
896 3086 1009 3180 jurate
1026 3088 1130 3155 emata

62 3202 117 3249 ns.
170 3178 328 3253 sienim
352 3179 414 3272 qui
439 3198 496 3275 per
522 3181 628 3252 celum
646 3181 763 3275 jurat,
796 3184 832 3255 io
859 3184 1036 3258 thronum
1055 3181 1129 3259 Dei

63 3278 227 3370 injuriam
250 3273 366 3367 facit3
401 3277 435 3351 dt
465 3281 526 3371 qui
548 3302 604 3377 per
626 3296 744 3353 renam
767 3281 889 3376 jurat,
925 3284 1055 3376 impius
1075 3278 1129 3358 ost

64 3374 185 3451 Deum
200 3376 337 3451 faciens
355 3378 393 3453 id
403 3378 511 3470 ‘quod
526 3380 657 3457 dicitur
663 3382 827 3471 fremitum
838 3385 952 3480 pedum
969 3370 1040 3457 Dei
1048 3398 1066 3470 '3
1092 3378 1128 3457 de

65 3479 128 3570 ¹qui
140 3478 238 3570 jurat
246 3497 305 3574 per
326 3478 745 3575 Jeresolymamffleccat,
771 3488 848 3579 quia
868 3487 987 3553 civitas
1004 3478 1044 3579 est
1059 3506 1128 3554 tua-

10 3634 12 3642 .
58 3581 119 3669 gni
131 3579 231 3670 regim·
257 3576 291 3650 de
312 3580 372 3670 qui
387 3581 553 3677 persuum
566 3580 789 3678 ipfills‘cepttt
804 3581 925 3675 juret,
950 3580 1129 3673 delinquit

62 3690 238 3769 quantum
258 3675 329 3750 effe
350 3693 540 3773 peccatum
566 3681 764 3772 putandum
787 3678 839 3755 est
859 3700 925 3776 per
941 3680 1128 3768 fortunam

62 3775 215 3869 edusius
230 3775 381 3871 juraret
406 3776 518 3856 Tune
534 3781 650 3858 etiem
663 3782 703 3856 in
718 3781 933 3860 memoriam
946 3796 1132 3951 regomcaoff
