2498 4254
86 145 149 241 ὅδ’
410 148 825 234 ORIGENIS

87 324 169 422 pius
188 317 305 413 alius,
330 318 418 393 alius
438 316 574 415 minus,
600 316 673 414 ipse
687 317 750 395 fibi
769 314 871 395 eausa
888 313 941 395 sui
957 312 1075 416 lapsui
1091 307 1158 402 'v'e'l

88 422 188 499 casus
207 418 368 495 efficitur.
419 418 470 493 Et
484 422 674 517 quoniam,
698 434 741 494 ut
763 420 939 517 diximus,
966 418 1066 495 casui
1090 416 1174 497 iste'

89 525 153 599 vel
168 516 306 618 lapsus,
333 541 406 612 quo
420 520 465 593 de
477 520 569 594 statu
584 517 648 593 suo
667 520 816 614 quisque
831 519 1008 615 declinat,
1035 540 1157 615 quam·

86 624 274 723 plurimam
293 621 331 693 in
351 619 510 695 sehabet
529 618 767 696 diversitatem
785 637 854 713 pro
868 621 1000 695 menn's
1014 615 1154 716 ac'pro·

87 721 196 819 positi
210 721 384 815 motibus,
399 720 498 811 quod
511 720 597 793 alius
609 720 740 813 levius,
751 721 838 793 alius
852 720 996 817 gravius
1010 718 1055 793 ad
1066 719 1154 797 infe·

88 825 187 896 riora
202 821 376 915 declinat,
394 818 432 892 in
444 822 517 893 hoc
530 821 602 913 jam
615 818 744 913 justum
758 818 931 911 judicium
945 818 1018 893 Dei
1028 810 1153 914 provi-¹

87 917 242 1013 dentiae,
266 934 309 992 ut
321 920 514 1011 unicuique
529 917 719 994 secundum
733 920 973 994 diversitatem
987 933 1149 1016 motuum

86 1016 302 1117 promerito
321 1018 371 1093 sui
389 1016 546 1092 decess'us
561 1020 595 1093 &
611 1019 868 1094 commotionis
888 1031 1069 1105 occurrat.
1095 1017 1148 1093 Ex

86 1122 143 1208 his
163 1121 243 1194 sane
260 1119 320 1211 qui
341 1120 379 1192 in
396 1120 459 1192 illo
475 1120 579 1193 initio
594 1114 884 1214 permanserunt,
911 1118 1010 1212 quod
1024 1114 1149 1194 fartum

86 1217 151 1296 fini
170 1220 279 1293 simile
301 1217 371 1293 effe
393 1216 653 1313 descripfimus,
680 1218 884 1311 quidam-ex
899 1218 980 1312 ipfis
1001 1218 1041 1291 in
1056 1218 1161 1314 ordi·¹

87 1320 240 1394 nbtione
265 1339 307 1391 ac
332 1315 591 1413 dispensatione
615 1319 738 1395 mundi
765 1318 928 1393 ordinem
952 1319 1149 1415 angelicum·

86 1413 309 1511 sortiuntur,
336 1420 394 1491 alii
413 1419 610 1513 virtutum,
637 1417 693 1492 alii
707 1418 990 1514 principatuum,
1018 1418 1144 1513 aiiipo·

85 1518 254 1593 testatum
273 1518 372 1611 quod
390 1519 428 1591 in
447 1538 511 1592 eos
530 1517 702 1593 videlicet
725 1530 919 1593 exerceant
935 1516 1144 1614 potestatem

88 1617 149 1711 qui
164 1618 297 1691 habere
311 1613 415 1711 super
428 1630 535 1711 caput
547 1616 708 1713 indigent
719 1614 952 1711 potestatem:
978 1616 1159 1716 affithfffi.
1185 1697 1187 1708 ,

47 1792 50 1798 .
84 1735 219 1795 norum
233 1717 430 1811 ordinem,
464 1717 500 1790 id
525 1714 599 1810 est,
624 1717 806 1811 judicandi
828 1718 892 1790 vel
912 1714 1063 1814 regendi
1086 1717 1187 1820 e'oefg

87 1817 148 1911 qui
163 1817 237 1891 hoc
253 1817 438 1913 indigent,
463 1818 635 1891 babentes
660 1816 838 1892 officium:
865 1814 922 1892 alii
937 1815 1145 1891 dominatio
1170 1821 1187 1910 i

84 1936 170 1993 nem
184 1917 256 1990 fine
273 1916 383 1990 dubio
399 1915 503 2012 super
523 1916 667 1991 servos:
693 1940 770 2011 quae
788 1917 908 1990 omnia
926 1915 977 1989 eis
994 1936 1063 2014 pro
1079 1936 1144 1991 me·
1180 1964 1187 2004 ,-

84 2018 160 2090 tito
182 2015 452 2111 &profcdiibus
472 2017 539 2091 suis
558 2016 685 2110 quibus
703 2018 740 2090 in
755 2018 827 2091 Dei
838 2016 1154 2110 participationem„
1181 2021 1184 2102 ζ

84 2116 396 2206 imitationemque
416 2116 669 2210 profecerant,
696 2140 799 2208 aequo
825 2114 993 2209 justoque
1011 2114 1144 2208 judicio
1179 2147 1187 2204 r,

86 2212 208 2288 divina
236 2215 392 2286 contulit
416 2215 659 2307 providentia.
710 2217 758 2289 Hi
784 2236 877 2289 vero
905 2212 965 2307 qui
990 2213 1035 2287 de
1059 2215 1146 2290 stam
1177 2195 1187 2322 ¹5

84 2313 208 2409 primae
232 2313 462 2387 beatitudinis
487 2316 580 2388 moti
606 2314 748 2408 quidem
772 2312 878 2411 sunt,
918 2334 996 2388 non
1029 2322 1144 2391 tamen
1181 2341 1187 2402 3

83 2410 393 2487 irremediabiliter
412 2414 530 2507 moti,
562 2414 631 2488 illis
649 2436 741 2508 quos
760 2414 864 2509 supra
881 2412 1147 2509 descripiimuo,

83 2510 210 2589 sardis
237 2512 422 2605 beatisque
447 2514 631 2587 ordinibus
658 2509 875 2608 dispensandi
902 2510 1048 2605 subjeiii
1069 2510 1152 2592 suni

63 2640 67 2648 ·
85 2624 131 2686 ae
149 2612 319 2714 regendi:
345 2633 499 2707 quorum
516 2614 699 2708 adjutorio
711 2615 783 2711 ufi,
817 2613 1160 2700 &inffitutionibu

1057 2734 1110 2792 Ἀθ.
1123 2753 1161 2810 ¹¹2}

1121 2889 1124 2898 .
1142 2857 1160 2896 ii

84 2912 219 3010 majores
230 2906 285 2983 vel
302 2912 439 2983 minores
444 2929 459 2999 ‚⁰
483 2934 608 3010 eumque
620 2910 655 2985 ob
668 2911 792 3003 caustum
803 2912 917 2984 diuino
924 2913 1048 3013 judicio
1060 2912 1149 2998 domu,

82 3017 137 3085 uei
155 3013 248 3084 molis
266 3014 512 3110 uniuscujusque
528 3014 665 3084 motibus
676 3017 802 3108 dignum
823 3012 1153 3105 commensuranterm

83 3113 314 3199 tributionem,
340 3113 394 3183 hic
410 3116 532 3210 quidem
551 3120 589 3183 in
604 3119 729 3208 futuro
747 3116 858 3187 mundi
876 3114 1153 3213 disposstione'lmr

82 3209 166 3283 debit
189 3215 330 3283 ordinem
354 3214 549 3305 angelicum,
574 3231 633 3284 out
654 3223 812 3287 uirtutem
836 3219 1058 3313 principatus,
1088 3226 1158 3290 oui·

79 3312 256 3410 potestatem
277 3317 314 3382 in
334 3313 480 3410 aliquoi,
506 3327 565 3384 out
587 3314 743 3387 thronum
755 3316 855 3412 supra
876 3339 967 3410 regno
982 3316 1125 3405 subditos
1133 3350 1158 3405 ,·¹
1185 3373 1187 3380 .

82 3428 143 3484 aut
159 3412 405 3483 dominationem
420 3419 458 3483 in
473 3414 594 3509 seruos.
643 3419 716 3509 Qui
732 3438 807 3487 uero
827 3440 893 3489 nm
909 3417 1048 3488 multum
1063 3420 1162 3496 mei-i
1185 3495 1187 3502 ,

81 3512 210 3601 derint,
234 3511 394 3584 habebunt
405 3536 499 3611 quam
508 3510 644 3587 diximus
654 3520 847 3589 oeconomiam
861 3511 902 3593 (ὅ
916 3519 1162 3615 adjumentum·

81 3615 187 3711 Atque
208 3616 257 3683 ito
269 3627 308 3682 ut
320 3615 494 3706 plurimum
507 3638 547 3683 ex
558 3615 600 3685 iis
621 3620 678 3713 qui
691 3620 773 3704 sunt
787 3617 844 3707 sub
855 3616 1094 3717 principatibus
1107 3603 1156 3696 ὅ

78 3710 276 3811 potestatibus
289 3708 329 3789 Φ
347 3712 475 3784 thronis
492 3710 531 3791 di
546 3716 835 3812 dominationibus,
855 3713 948 3811 forte
965 3722 1062 3790 etiem
1084 3720 1160 3814 alig,

79 3815 203 3986 qumodo
222 3833 327 3888 eorum
349 3814 411 3889 lece
428 3816 633 3915 constituetur
644 3838 743 3917 genus
761 3814 939 3897 demonum
959 3822 998 3894 5„
1008 3803 1165 3921 mum..

78 3935 131 3987 mu
176 3940 215 3987 is.
