2498 4254
155 162 158 167 ’
262 160 965 292 nrrnrucrr1'1s‚³nra.1v.
1071 164 1144 293 'au

87 344 149 455 nui
163 358 256 433 velit
274 360 352 434 haec
371 356 743 459 velutlconculcanda
761 356 973 453 antepedes
992 356 1145 433 haberet

88 460 272 557 exposrta,
298 457 357 532 sed
376 462 435 555 qui
453 459 487 533 se
505 458 709 551 hujusmodi
726 458 848 547 studiis
864 479 945 533 curn
963 458 1144 548 omnica·

86 560 252 635 stimonia
267 560 301 631 δι
318 558 510 632 sobrietate
527 558 560 631 &
580 560 707 655 vigiliis
729 556 904 651 de'dil'set,
927 573 971 630 ut
986 576 1052 651 per
1064 559 1144 632 'haec

86 659 188 745 forte
210 659 246 731 in
266 658 450 752 prosundo
472 658 644 733 latentem
666 656 800 734 sensum
824 656 962 753 spiritus
987 656 1082 751 Dei,
1108 658 1145 731 dt

86 756 400 833 sermonis-usitata
412 761 618 831 narratione
633 760 704 833 alio
720 758 855 834 rursum
867 754 1146 853 prospicientem
1191 784 1197 789 ·

87 870 301 931 contextum
316 856 528 955 investigare
545 857 685 955 pollet,
712 873 818 952 atque
836 861 886 933 ita
900 854 1017 930 socius
1036 853 1148 929 scien·

88 958 148 1030 tiae
161 956 312 1051 spiritus,
330 956 488 1031 &diuini
502 958 635 1031 consilii
647 960 824 1052 particeps
840 956 961 1031 fieret:
981 956 1063 1049 quia
1076 976 1147 1029 nec

89 1056 192 1129 aliter
215 1056 335 1151 potest
359 1056 472 1130 anima
488 1056 532 1131 ad
547 1056 700 1139 scientiae
720 1058 978 1154 persedionem
996 1057 1149 1157 venire,

88 1156 153 1231 nisr
172 1156 303 1229 divinae‘
317 1154 493 1249 sapientias
510 1156 620 1231 suerit
635 1156 799 1253 inspirata
816 1159 982 1231 veritate.
1033 1154 1149 1251 Igitur

89 1254 137 1328 de
156 1254 264 1348 Deo,
290 1254 326 1327 id
349 1254 399 1329 est
421 1254 465 1329 de
483 1270 585 1351 patre
609 1254 737 1331 &filio
757 1257 791 1330 &
810 1258 943 1351 Spiritu
961 1248 1080 1329 santio
1100 1255 1146 1327 ab

87 1354 144 1428 his
158 1355 244 1428 viris
260 1354 386 1428 divino
402 1354 524 1449 spiritu
534 1356 681 1453 repletis
695 1356 936 1453 principaliter
951 1354 1150 1453 designatur

90 1466 170 1527 tum
187 1474 277 1526 vero
297 1453 341 1526 de
356 1450 579 1529 sacramentis
592 1453 656 1529 filii
669 1456 762 1549 Dei,
789 1457 975 1549 quomodo
994 1456 1149 1528 verbum

92 1572 180 1627 caro
198 1552 324 1626 fadum
339 1553 401 1647 srt,
428 1554 462 1627 dc
479 1576 547 1648 qua
561 1556 605 1629 de
619 1554 841 1648 causausque
856 1556 899 1629 ad
913 1554 1065 1627 sormam
1079 1552 1147 1625 ser-

91 1652 132 1724 vi
152 1652 414 1747 percipiendam
429 1656 594 1751 uenerit,
618 1666 661 1727 ut
675 1656 848 1748 diximus,
873 1652 1002 1749 repleti
1021 1652 1148 1727 divino

89 1749 214 1845 spiritu
227 1754 469 1847 protulertmt.
501 1752 710 1828 Necess‘ario
729 1752 978 1849 deindeletiam
992 1752 1040 1841 de¹
1054 1772 1150 1825 crea·

89 1854 181 1924 turis
195 1852 479 1945 rationabilibus,
503 1863 577 1927 tam
587 1850 779 1928 caelestibus
787 1858 894 1945 'quam
907 1853 1058 1924 terrenis
1068 1851 1151 1925 bea·

91 1952 246 2023 tioribus
263 1950 483 2044 consequens
499 1964 576 2025 erat
593 1974 657 2025 eos
670 1952 875 2041 mortalium
890 1972 1000 2047 genus
1018 1940 1150 2025 divinit

92 2049 311 2125 sermonibus
335 2050 510 2124 edocere:
543 2048 602 2125 sed
621 2051 656 2124 δι
676 2050 914 2125 differentiam
934 2050 1149 2143 animarum,

92 2150 128 2224 u
148 2150 242 2223 unde
256 2148 327 2221 istae
340 2148 549 2223 differentiae
563 2164 653 2223 ortae
666 2147 751 2226 lint:
776 2162 853 2224 turn
868 2149 996 2222 deinde
1011 2148 1096 2239 quid
1107 2145 1151 2221 sat

90 2248 153 2323 hic
172 2247 345 2339 mundus,
375 2249 409 2321 dc
425 2268 531 2343 quare
544 2248 673 2325 fadus:
698 2248 758 2324 sed
774 2249 914 2322 &unde
930 2247 1063 2321 malitia
1074 2259 1152 2337 tan·
1216 2268 1219 2272 ⁸

90 2360 131 2443 ta
143 2368 185 2420 ac
199 2348 278 2419 talis
293 2346 343 2420 est
358 2347 459 2442 super
477 2360 606 2422 terras:
633 2370 709 2443 quae
721 2361 840 2422 unum
856 2346 1006 2422 interris
1024 2346 1153 2421 sutan-

91 2446 304 2538 tummodo,
330 2468 375 2518 an
395 2448 428 2518 dc
446 2448 483 2520 in
507 2448 580 2521 aliis
601 2450 773 2541 aliquibus
796 2449 912 2541 locis,
948 2468 994 2521 ex
1010 2446 1151 2520 ¹divinis

91 2566 163 2620 nos
183 2543 402 2619 sermonibus
425 2544 557 2621 discere
580 2548 809 2631 necess'arium
824 2547 905 2623 fuit.
956 2544 1047 2619 Cum
1062 2564 1152 2641 ergo
1201 2610 1209 2655 s,

94 2645 141 2721 de
157 2647 210 2722 his
225 2646 354 2720 talibus
372 2646 551 2722 &horum
576 2642 743 2723 similibus
758 2646 905 2741 Spiritui
926 2642 1044 2719 sancto
1065 2642 1151 2719 esset

988 2746 1103 2818 inten-

316 2902 742 2982 Iurenenrrnrro
782 2926 930 2981 novi.

97 3065 161 3121 eos
179 3047 238 3137 qui
252 3044 361 3117 tantis
379 3047 485 3118 rebus
505 3046 728 3120 inveniendis
746 3044 976 3121 necess‘arlum
990 3045 1155 3122 laborem
1193 3120 1200 3135 ,

93 3146 255 3242 perferre
271 3162 476 3239 nequeunt,
502 3148 681 3221 rationem
697 3147 945 3241 praeditlorum
968 3144 1154 3219 occultare

94 3244 252 3319 vocibus
275 3264 351 3335 quae
372 3246 516 3338 opificia
539 3246 611 3320 Dei
635 3244 785 3321 sensibus
811 3243 970 3337 objecta,
996 3241 1152 3320 hominis

97 3345 346 3434 creationem,
379 3345 555 3421 &eorum
577 3348 637 3440 qui
656 3368 702 3419 ex
721 3347 840 3439 primis
864 3342 1068 3437 parentibus
1087 3362 1154 3439 per

96 3442 348 3519 succeffionem
368 3447 405 3518 in
425 3446 687 3521 multitudinem
714 3456 982 3535 excreverunt,
1009 3462 1155 3539 genera·

98 3544 237 3616 tionem
257 3560 433 3622 enarrent.
482 3546 582 3621 Idem
598 3566 743 3639 quoque
765 3547 802 3618 in
828 3544 902 3617 aliis
919 3540 1081 3637 praestitit
1102 3542 1155 3615 hi·

99 3640 218 3717 storiis
234 3664 310 3735 quae
323 3643 497 3734 justorum
513 3666 570 3718 res
593 3644 727 3741 gestas,
753 3642 962 3717 corumdem
982 3657 1024 3714 ut
1039 3642 1157 3715 homi·

101 3762 189 3815 num
210 3758 358 3835 peccata
378 3744 557 3838 quaedam,
589 3766 658 3819 nec
674 3764 777 3816 -non
799 3740 1007 3833 injustorum
1029 3740 1157 3835 impio·
1234 3788 1238 3793 -

99 3860 252 3941 rumque
279 3842 429 3943 scelera,
467 3845 630 3925 libidines
657 3842 692 3919 o
719 3842 931 3944 cupiditates
956 3850 1165 4007 erponi&
