2498 4254
269 163 349 244 na
395 154 742 261 auretenus,
790 154 944 246 ame
1079 180 1137 271 53

75 286 184 423 aeque
200 328 240 403 in
259 328 296 403 se
315 340 544 421 revertatur,
569 350 646 402 non
664 327 808 420 pertitus
830 322 963 419 meress
994 328 1055 405 sed
1069 348 1140 406 rec

74 444 212 513 'vocare
228 428 381 523 pedem,
408 426 574 501 &redire
592 428 636 501 ad
654 426 781 501 statum
793 426 914 519 suum,
940 430 1138 507 &rursum-

77 526 228 727 wullaf?
267 528 453 629 polluit
493 526 591 622 quod
626 546 693 625 per
725 528 977 655 negligentiam
1008 530 1138 661 fuerat¹

404 822 795 908 CAPUT'IV.

340 981 393 1051 De
426 979 636 1050 diminutione
671 980 725 1052 vel
757 976 856 1077 lapfit'.

84 1150 110 1209 n
197 1140 354 1205 tantem
375 1124 474 1203 istam
500 1128 771 1202 diminutionem
780 1174 796 1221 ‚-
820 1128 882 1201 vel
905 1126 1038 1221 lapsum
1062 1148 1127 1204 eo·

223 1250 304 1301 rum
323 1227 382 1319 qui
406 1226 441 1300 se
460 1228 695 1323 negligentius
718 1226 856 1325 egerint
875 1227 1138 1323 ostendamus‚·
1206 1294 1209 1303 .

81 1328 179 1403 etiam
191 1326 417 1403 srmilitudine
428 1328 574 1417 alicujus
589 1330 741 1423 exempli
754 1330 807 1399 uti
817 1348 894 1400 non
909 1328 1053 1400 videtur
1066 1330 1127 1400 ab·

79 1426 225 1501 idrdum.
275 1426 388 1525 Igitur
404 1426 430 1499 st
448 1426 490 1498 fit
502 1426 624 1519 aliquis
636 1430 696 1519 qui
708 1428 836 1520 peritia
851 1428 912 1499 vel
927 1438 1004 1499 arte
1021 1424 1127 1523 (ver-

78 1526 109 1601 bi
124 1525 260 1623 gratia)
282 1526 512 1621 geometriae,
546 1528 608 1599 vel
624 1526 809 1599 medicinae
827 1526 996 1621 paulatim
1015 1526 1128 1599 irretit

74 1624 229 1701 imbutus
243 1646 431 1717 usquequo
444 1625 587 1699 venerit
604 1626 647 1699 ad
660 1624 877 1721 perfectum,
902 1626 1019 1699 multo
1036 1622 1136 1699 scili-⁵

73 1737 132 1799 eet
156 1736 324 1818 tempore
348 1722 628 1797 institutionibus
660 1738 767 1818 atque
796 1725 975 1798 exercitiis
999 1720 1126 1799 semet·

71 1822 184 1919 ipsum
197 1824 396 1897 informans
410 1835 452 1895 ut
467 1824 510 1897 ad
524 1824 702 1919 integrum
718 1822 919 1918 supradicta
932 1824 1018 1896 artis
1039 1820 1136 1899 allu·.

71 1938 192 2001 meret
208 1922 441 2015 disciplinam:
464 1920 550 1996 huic
571 1944 762 2015 numquam
780 1920 947 2015 profesto
963 1921 1128 2015 accidere

71 2024 231 2119 poterit,
260 2037 304 2095 ut
327 2044 408 2095 cum
424 2022 560 2115 peritus
580 2021 792 2114 dormierit,
819 2022 968 2115 evigilet
986 2020 1138 2116 imperi-J

71 2136 144 2199 tus.
192 2120 283 2196 Non
300 2123 393 2194 enirn
407 2144 450 2194 ea
465 2143 541 2213 quae
553 2142 620 2219 per
633 2120 810 2219 leefionem
824 2120 1052 2213 aliquamvel
1066 2119 1127 2195 de·

71 2222 247 2297 bilitatem
281 2221 468 2313 accidunt,
499 2222 536 2294 in
560 2221 716 2295 medium
740 2220 916 2294 adducere
942 2231 1003 2291 aut
1027 2238 1127 2293 com·
1236 2246 1240 2253 ·

72 2340 271 2397 memorare
294 2340 389 2395 nune
421 2321 613 2396 convenit:
642 2322 880 2413 nequeenim
910 2318 1128 2394 similitudini

72 2422 264 2515 ppoposrtae
277 2440 380 2492 exem
406 2420 516 2511 loque
532 2419 767 2494 conveniunt.
818 2418 1020 2491 Secundum
1035 2438 1126 2513 ergo

73 2514 228 2615 idquod
247 2445 519 2611 propellimus,
545 2522 748 2616 geometres
768 2518 851 2609 ille,
882 2518 944 2591 vel
964 2514 1130 2591 medicus

74 2618 189 2693 donec
210 2630 360 2691 exercet
377 2616 412 2689 se
433 2618 470 2689 in
493 2617 786 2692 meditationibus
802 2616 886 2690 artis
904 2614 995 2711 suae,
1022 2614 1126 2689 &ra-

74 2718 302 2813 tionabilibus
331 2716 526 2809 institutis,
560 2732 748 2813 permanet
777 2716 872 2811 apud
903 2736 985 2789 eum
1016 2714 1135 2790 etiam

73 2804 215 2893 seientia
236 2814 435 2909 disciplinae.
491 2816 529 2889 si
550 2836 642 2889 vero
659 2816 843 2891 dillimulet
856 2815 900 2888 ab
920 2810 1131 2907 exercitiis,-

75 2914 280 3013 &negligat
299 2918 343 2988 ab
366 2914 557 3005 industria,
590 2916 759 3009 paulatim
781 2916 900 3008 primo
923 2932 989 3009 per
1011 2908 1127 3009 negli-

72 3016 225 3111 gentiam
242 3036 356 3111 pauea
371 3016 560 3106 excidunt,
585 3026 664 3087 turn
678 3016 809 3089 deinde
825 3014 931 3087 etiam
944 3011 1066 3107 plura,
1088 3008 1131 3085 &²

71 3114 118 3189 ita
132 3134 200 3209 per
215 3115 367 3187 multum
380 3128 521 3206 tempus
538 3114 671 3187 abeunt
688 3114 808 3187 omnia
821 3114 858 3185 in
876 3109 1132 3201 oblivionem,·

71 3226 175 3307 atque
183 3210 352 3286 universa
366 3236 411 3285 ex
428 3216 602 3311 memoria·
612 3212 757 3305 penitus
773 3214 974 3286 abolentur.
999 3206 1136 3283 Potest'¹

69 3310 147 3389 sane
161 3310 265 3405 fieri,
290 3326 333 3383 ut
345 3334 426 3385 curn
440 3310 606 3386 decidere
621 3313 665 3384 ab
682 3314 787 3385 initio
801 3312 970 3404 coperit,
996 3306 1133 3402 &par-¹

69 3432 115 3485 va
128 3412 249 3485 adhuc
262 3413 443 3505 eorrumpi
456 3412 691 3507 negligentia,
716 3408 1000 3501 irrefuscitetur,
1027 3404 1125 3479 &ei-

68 3510 137 3601 tius
153 3511 192 3585 in
211 3509 432 3605 semetipsum
445 3523 671 3602 revertatur,
695 3528 839 3606 reparet
854 3530 896 3583 ea
911 3526 989 3601 quae
1006 3504 1126 3578 adhue

67 3630 182 3703 nuper
201 3606 320 3683 emilia
342 3608 442 3703 sunt,
474 3610 508 3682 u
528 3610 728 3683 recolat-eu
746 3630 825 3699 quae
842 3610 887 3685 ab
907 3628 953 3681 eo
978 3602 1129 3681 fueranu

67 3710 168 3785 tenui
188 3709 309 3781 adhuc
325 3709 524 3782 abolitione
543 3708 687 3791 biblata.
737 3706 1011 3782 Transferamus
1024 3720 1125 3779 nune

67 3808 142 3887 bec
161 3808 208 3889 ad
221 3828 290 3887 eos
310 3808 371 3905 qn
391 3806 427 3885 se
449 3808 523 3883 Dei
538 3808 693 3985 legatie
715 3828 758 3883 ac
780 3804 960 3907 sapientie
981 3799 1126 3879 dedide-

629 3928 652 4007 3
965 3914 1074 4003 ‘⁰⁰⁸2
