2498 4254
155 154 158 159 ·
250 140 714 238 perarmemus,
763 141 868 224 mn.
892 141 939 224 11.
1053 168 1129 248 ur

68 305 215 402 quidam
230 306 267 381 in
281 307 512 382 ecclesiastica
520 302 612 399 fide,
638 306 730 398 quasi
748 307 852 379 velut
863 306 971 384 stulte
985 307 1019 381 ἀ
1032 311 1132 404 peni·

68 420 127 481 tus
149 407 354 500 insipienter
376 409 420 480 de
438 405 694 480 resurreetione
718 406 927 496 credamus,
952 410 1132 504 praecipue

68 506 256 598 heretici,
284 506 411 597 quibus
427 507 500 579 hoc
521 506 633 579 modo
655 505 810 577 arbitror
832 506 1129 598 respondendum.

68 604 103 679 Si
120 602 346 679 confitentur
368 606 474 679 etiam
489 606 551 698 ipsi
573 607 655 697 quia
673 602 882 677 resurrectio
901 606 944 679 sit
966 624 1131 683 mortuo·

68 722 172 798 rum,
198 701 439 795 respondeant
457 704 562 777 nobis
581 702 734 796 quidest
755 703 853 794 quod
866 718 1049 781 mortuum
1066 706 1130 784 est.

69 800 211 883 Nonne
228 801 388 895 corpus?
413 801 588 893 Corporis
603 824 690 898 ergo
701 800 909 875 resurreetio
926 801 1001 879 fiet
1032 804 1131 881 'sum

69 900 198 975 deinde
226 902 389 976 dicantsr
412 902 583 976 utendum
602 903 707 975 nobis
727 915 855 994 putant
880 901 949 975 elle
967 907 1132 998 corpori·

68 1000 131 1075 bus
149 1022 198 1074 an
218 999 330 1074 noni
361 998 534 1074 Arbitrot
553 1000 720 1097 apostolo
744 1000 857 1073 Paulo
882 1002 1024 1077 dicente
1047 1004 1131 1097 quin

68 1101 244 1187 sariuntur
260 1120 368 1193 corpus
385 1103 543 1184 animale,
569 1100 707 1195 resurget
725 1122 831 1196 corpus
847 1102 1013 1198 spiritale,
1041 1102 1131 1178 istos

68 1220 108 1273 ee
133 1220 198 1272 are
213 1197 410 1293 nonposse
427 1201 524 1291 quod
544 1220 675 1296 corpus
695 1199 879 1297 resurgat,
905 1202 967 1275 vel
991 1204 1072 1294 quia
1089 1204 1130 1279 in

68 1222 325 1372 reffrrredtione
351 1301 566 1391 corporibus
601 1313 753 1373 utamur.
814 1298 913 1397 Quid
950 1300 1066 1395 ergo?
1090 1300 1131 1388 st

68 1414 206 1471 certum
232 1396 407 1487 estquod
434 1399 647 1490 corporibus
674 1398 780 1470 nobis
806 1397 978 1473 utendum
1003 1401 1067 1493 sat,
1092 1400 1129 1475 dt

68 1516 228 1590 corpora
242 1517 318 1587 quae
331 1495 558 1589 ceciderunt,
585 1496 764 1595 resurgere
775 1497 1012 1589 praedicantur
1028 1497 1128 1596 (non

68 1599 161 1669 enim
182 1594 331 1689 proprie
346 1592 526 1690 resurgere
548 1596 698 1690 dicitur,
722 1595 784 1669 nifi
798 1598 833 1669 id
853 1597 951 1688 quod
970 1613 1052 1674 ante
1070 1621 1129 1673 ce·

68 1694 216 1785 uiderit)
235 1693 323 1767 nulli
339 1694 482 1767 dubium
499 1694 549 1768 est
564 1696 700 1769 idcirco
718 1717 760 1767 ea
779 1692 983 1791 resurgere,
1009 1710 1051 1769 ut
1070 1698 1130 1773 his

68 1794 197 1867 lterum
216 1814 261 1865 ex
277 1791 533 1868 resurrestione
549 1795 744 1868 induamur.
773 1792 940 1867 Alterum
956 1815 1044 1891 ergo
1059 1798 1130 1871 hae·

68 1908 121 1967 ret
136 1915 182 1965 ex
198 1895 325 1965 altero.
376 1890 470 1965 Nam
483 1892 555 1965 &si
570 1890 756 1988 resurgunt
776 1907 954 1985 corpora,
980 1894 1052 1965 sine
1065 1895 1128 1968 du·

68 1993 131 2065 bio
147 1990 190 2063 ad
204 1991 450 2064 indumentum
465 1988 577 2063 nostri
592 1990 796 2087 resurgunte
824 1990 858 2063 δι
877 1991 900 2064 fi
919 1990 1058 2065 necesse
1078 1990 1131 2069 est

68 2110 136 2165 nos
152 2086 221 2164 esse
242 2090 280 2161 in
302 2091 542 2183 corporibus,
569 2090 658 2164 sicut
675 2106 772 2163 certe
789 2088 928 2162 necesse
945 2090 1023 2183 est,
1049 2112 1129 2173 non

68 2190 192 2263 inaliis
202 2210 306 2280 quarn
322 2188 359 2261 in
373 2188 500 2263 nostris
514 2191 726 2282 corporibus
741 2188 810 2261 csse
825 2189 1007 2265 debemus.
1037 2193 1130 2292 Quae

68 2288 88 2363 li
114 2308 247 2361 verum
273 2286 446 2379 estquod
471 2286 706 2385 resurgunt&
732 2286 896 2381 spiritalia
920 2287 1128 2385 resrugunt,

68 2387 215 2461 dubium
235 2408 311 2459 non
333 2384 383 2459 est
403 2388 489 2479 quin
513 2388 648 2482 abjedia
671 2387 934 2479 corruptione,
962 2388 998 2461 dt
1017 2389 1129 2482 depo·

68 2488 131 2561 lita
151 2489 372 2560 mortalitate
396 2484 577 2582 resurgere
603 2488 764 2560 dicantur
791 2509 811 2559 a
835 2487 1010 2560 mortuis:
1042 2489 1131 2561 alio-

68 2587 152 2679 quin
171 2607 303 2659 vanum
326 2586 558 2658 videbitur&
577 2584 790 2678 superfluum
808 2584 989 2681 resurgere
1007 2607 1129 2678 quem·

68 2706 172 2777 quam
187 2706 207 2757 a
220 2684 400 2776 mortuis,
426 2699 468 2757 ut
486 2688 615 2759 iterum
636 2687 819 2759 moriatur.
871 2684 985 2783 Quod
1003 2685 1055 2757 ita
1069 2685 1130 2760 de·

68 2804 163 2859 mum
180 2784 328 2879 intelligi
350 2782 552 2856 evidentius
567 2784 706 2877 potest,
729 2783 753 2857 fi
769 2784 846 2875 quis
861 2783 1050 2877 diligenter
1071 2785 1131 2858 ad·

68 2894 191 2957 vertat
211 2904 288 2973 quae
302 2882 345 2955 fit
358 2882 513 2955 animalis
532 2886 698 2976 corporis
717 2883 890 2975 qualitas,
917 2903 994 2973 quae
1004 2883 1040 2953 in
1056 2894 1129 2955 tet·

68 3002 141 3057 ram
164 2979 333 3054 seminata
355 2980 516 3073 spiritalis
543 2988 708 3075 corporis
734 2994 877 3073 reparet
904 2981 1126 3071 qualitatem.

68 3078 123 3155 Ex
137 3080 280 3153 animali
297 3101 449 3171 nanque
466 3100 623 3173 corpore
638 3081 712 3178 ipsa
724 3081 841 3153 virtus
859 3076 1126 3153 resurrectionis

68 3178 234 3276 &gratia
254 3178 407 3272 spiritale
422 3200 555 3272 corpus
575 3179 722 3275 educit,
757 3201 839 3253 cum
855 3177 893 3253 id
914 3180 958 3251 ab
976 3177 1128 3275 indigni·

68 3290 141 3353 tate
158 3292 373 3352 transmutat
386 3278 429 3351 ad
451 3280 610 3375 gloriam.
1098 3300 1103 3325 ¹

142 3402 175 3453 a.
203 3377 388 3477 Quoniam
406 3398 494 3473 ergo
513 3375 671 3453 haeretici
692 3375 906 3452 eruditiffimi
927 3373 1128 3449 sibividen·

68 3487 124 3550 tur
144 3478 181 3551 u
194 3476 446 3570 sapientissimi,
473 3475 770 3574 interrogabimus
792 3498 856 3548 eos
876 3474 902 3547 sr
919 3496 1028 3549 omne
1046 3492 1128 3546 cor-

68 3596 130 3670 pus
152 3575 295 3651 schema
317 3575 461 3667 aliquod
476 3576 613 3670 habet,
645 3573 751 3647 idest
771 3574 895 3647 habitu
921 3574 1039 3664 aliquo
1066 3570 1127 3645 de·

68 3676 255 3753 formetur.
312 3672 362 3747 Et
383 3675 409 3748 fi
429 3674 570 3765 quidem
592 3674 746 3748 dixerint
772 3672 841 3745 esse
865 3693 998 3764 corpus
1028 3668 1128 3761 quod

68 3796 140 3855 non
157 3779 285 3870 aliquo
298 3773 422 3852 habitu
441 3771 687 3951 deformius,
712 3770 952 3867 inperitiffini
966 3772 1129 3842 omnium

647 3894 669 3948 a
971 3881 1086 3962 atque
