2498 4254
82 180 155 255 266
401 170 811 254 ORIGENIS
934 242 938 259 .

78 340 161 435 plus
182 336 310 431 aliquid
335 336 559 433 docebantur
575 360 678 431 quam
697 340 851 415 sciverat
869 337 1052 416 Salomon.
1104 339 1143 417 si

81 440 178 514 enim
191 438 268 529 quis
287 438 381 511 dicat
397 439 478 530 quia
498 438 628 512 sciebat
645 439 786 530 quidem
798 439 966 514 Salvator
978 438 1144 534 ampliuS,

79 560 158 615 non
179 552 298 611 tamen
314 539 420 611 etiam
436 539 510 612 aliis
528 540 631 633 plura
647 538 811 612 tradebat
830 561 934 631 quam
947 540 1145 634 Salomon,

82 636 268 729 quomodo
294 637 517 732 conveniet,
551 637 865 731 &consequenter
889 638 1021 713 ditium
1041 652 1145 734 puta-

79 737 178 812 bitur
197 736 302 809 etiam
322 736 410 809 illud
433 738 532 828 quod
552 738 590 809 in
607 736 896 831 subsequentibus
920 738 990 812 ait:
1010 744 1147 832 „Regna

81 838 183 932 austri
200 837 360 928 surgeriis
376 838 522 933 judicio,
556 837 596 917 (5
613 841 831 909 condemnabit
850 840 992 909 homines
1013 862 1146 932 garrera·

81 940 181 1011 tionis
199 936 316 1033 hujus,
341 954 506 1032 propterea
527 940 607 1035 quod
626 943 722 1009 venit
740 965 760 1008 a
776 940 904 1030 finibus
926 955 1018 1010 terra
1034 943 1147 1009 audire

76 1037 272 1130 semiermium
290 1037 486 1121 Salomnris,
511 1037 550 1112 dt
567 1062 628 1108 ecce
639 1040 715 1134 plus
730 1037 890 1111 Salomone
905 1039 980 1107 bic?
1005 1035 1069 1110 Est
1082 1039 1147 1133 igi-

81 1150 142 1209 tur
162 1134 329 1227 sapientia
348 1136 470 1209 mundi
485 1136 613 1231 hujus,
639 1137 690 1211 est
706 1136 925 1232 &sapientia
944 1157 1009 1229 per
1030 1137 1147 1233 fingu-

79 1234 138 1309 los
155 1232 300 1307 fortasse
324 1235 503 1329 principes
528 1237 652 1311 mundi
684 1237 801 1329 huius.
852 1236 911 1310 De
942 1234 1016 1328 ipsa
1047 1256 1145 1308 vero

80 1334 186 1407 unius
206 1332 279 1407 Dei
301 1330 495 1429 sapientia,
529 1336 617 1411 illud
646 1336 812 1411 sentimus
835 1335 1006 1427 indicari,
1046 1334 1148 1426 quod

79 1432 197 1507 minus
218 1434 361 1525 quidem
384 1436 423 1507 in
448 1434 762 1529 antiquioribus&
783 1436 967 1508 veteribus
994 1447 1147 1527 operata

79 1532 144 1626 fit,
165 1532 313 1625 amplius
326 1553 419 1607 vero
438 1534 703 1611 &manifestius
718 1536 954 1627 revelataper
968 1532 1147 1636 Christum

82 1632 145 1707 est.
196 1632 334 1707 Verum
349 1634 395 1709 de
411 1632 581 1729 sapientia
598 1634 670 1709 Dei
687 1635 726 1709 in
739 1636 831 1709 locis
853 1633 1010 1728 propriis
1029 1632 1148 1725 requi-

82 1752 217 1807 remus.

159 1855 192 1907 a.
217 1832 256 1905 N
257 1854 329 1907 unc
336 1856 430 1908 vero
446 1834 617 1928 quoniam
628 1834 770 1927 quidem
780 1834 817 1907 in
833 1833 994 1907 manibus
1008 1830 1059 1905 est
1074 1843 1147 1904 tra-

82 1928 197 2007 status
221 1933 267 2006 de
301 1935 495 2009 virtutibus
529 1936 748 2024 contrariis,
787 1935 937 2026 qualiter
967 1943 1148 2005 moveant

83 2033 192 2127 edam
209 2056 251 2107 ea
273 2036 467 2109 certamina
483 2037 610 2127 quibus
627 2034 711 2108 salsa
731 2033 876 2107 scientia
897 2032 1003 2105 etiam
1026 2032 1148 2103 huma·

82 2133 139 2207 nis
156 2134 334 2207 mentibus
352 2134 536 2226 inseritur,
572 2134 607 2206 dt
628 2132 842 2205 seducuntur
866 2133 988 2204 animae
1008 2130 1091 2202 dum
1111 2127 1149 2202 se

82 2230 395 2327 putantinveniffe
411 2231 634 2324 sapientiam,
659 2229 888 2304 necessarium
906 2242 996 2322 puto
1010 2228 1146 2319 dicere,

85 2346 194 2425 atque
220 2329 432 2427 distinguere
457 2351 533 2421 quae
551 2331 593 2402 srt
616 2329 784 2422 sapientia
804 2329 923 2402 mundi
946 2329 1075 2421 hujus,
1113 2326 1149 2400 δι

87 2454 166 2527 quau
179 2430 377 2525 principum
389 2428 512 2503 mundi
526 2428 652 2521 hujus,
678 2445 718 2501 ut
730 2450 795 2523 per
805 2429 878 2501 hoc
892 2429 951 2520 qui
962 2428 1029 2500 smt
1040 2428 1147 2499 etiam

85 2546 206 2629 patres
233 2528 337 2621 hujus
361 2526 561 2622 sapientiae,
596 2529 789 2601 imovero
816 2529 1064 2620 sapientiarum
1087 2527 1147 2598 ha·

87 2652 194 2717 rum,
218 2622 382 2723 pullianus
399 2629 600 2703 advertere.
651 2625 823 2701 Arbitror
839 2629 967 2724 igitur,
994 2622 1145 2699 ficutsu·

84 2726 334 2827 prediximus,
359 2726 564 2820 sapientiam
580 2726 648 2802 effe
664 2729 768 2821 hujus
784 2727 906 2801 mundi
921 2727 1023 2799 aliam
1039 2745 1147 2817 quan-

86 2830 307 2921 dampnatas
326 2826 403 2899 illas
423 2825 609 2924 sapientias
627 2850 704 2921 quae
722 2825 804 2899 sunt
822 2827 1023 2920 principum
1040 2825 1147 2915 hujus

85 2922 230 3015 mnndi,
255 2944 320 3019 per
342 2948 446 3019 quam
467 2925 670 3023 sapientiam
688 2927 839 3022 intelligi
856 2925 1027 3000 videntur
1047 2946 1090 2997 ea
1113 2923 1148 2996 dt

87 3022 435 3118 conprehendique
453 3026 557 3119 hujus
579 3027 702 3105 mundi
720 3024 809 3099 sunt.
861 3024 952 3121 Quae.
967 3040 1088 3097 tamen
1108 3023 1146 3094 in

87 3124 123 3202 se
136 3122 224 3197 nihil
245 3123 355 3198 habet
373 3140 414 3197 ut
434 3127 538 3220 poiiit
554 3126 684 3219 aliquid
704 3128 766 3198 vel
786 3125 830 3198 de
851 3124 1060 3217 divinitate,
1087 3122 1147 3195 uel

88 3224 133 3298 de
152 3223 276 3297 mundi
294 3226 464 3319 ratione,
495 3227 619 3299 uelde
642 3229 921 3319 quibuscumque
941 3222 1148 3295 excelsiori·

86 3326 153 3399 bus
179 3324 314 3418 rebus,
350 3328 411 3399 vel
429 3325 473 3399 de
490 3326 596 3399 bonae
618 3349 659 3398 ac
682 3328 796 3398 beate
817 3324 903 3396 vitae
923 3321 1148 3395 institutione

87 3420 246 3517 sentire,
272 3424 331 3499 sed
353 3424 404 3499 est
425 3426 505 3498 talis
526 3424 652 3519 (verbi
671 3423 792 3522 causa)
818 3438 860 3494 ut
879 3421 929 3495 est
953 3423 1070 3505 omnis
1091 3440 1148 3493 ars

86 3522 256 3621 poetica,
283 3526 347 3598 vel
360 3526 606 3620 grammatica,
632 3528 694 3599 vel
708 3523 911 3615 rhetorica,
932 3523 993 3595 vel
1003 3542 1148 3616 geome-

86 3624 179 3715 tria,
204 3624 266 3696 vel
286 3624 438 3716 musica,
474 3647 554 3699 cum
579 3627 703 3717 quibus
726 3620 984 3695 adnumeranda
1002 3620 1053 3693 est
1074 3619 1154 3695 for-'

88 3723 180 3799 taffis
216 3722 321 3798 etiam
354 3726 537 3800 medicina.
588 3725 630 3798 In
663 3728 717 3799 his
742 3722 913 3797 omnibus
943 3720 1150 3816 sapientiam

82 3823 211 3904 nand
224 3824 331 3927 hujus
347 3824 455 3903 inesse
472 3823 694 3902 sentiendum
709 3820 771 3901 est.
797 3886 799 3891 .
820 3820 1034 3934 Sapientiam
1054 3839 1149 3934 uero

806 3978 810 3983 .
967 3940 1097 4017 prauae
