2498 4254
106 168 109 173 ’
209 213 224 226 ’
294 205 892 315 uuonnrrouu
1053 232 1125 304 sn

61 369 192 443 mortali
228 390 379 465 corpore,
415 389 541 461 neque
576 369 787 445 obediamus
820 374 1013 466 preceptis
1049 375 1126 466 ejus

62 469 163 562 quod
188 470 232 542 ad
254 490 366 563 opera
387 472 502 545 carnis
525 469 559 542 dr
581 492 600 541 a
623 469 710 543 Deo
742 471 860 543 aliena
883 473 1035 547 animam
1057 494 1126 546 no·

59 569 166 644 stram
183 582 385 661 provocat3
412 567 471 641 sed
488 566 748 665 mortificemus
762 570 894 641 membra
917 569 1038 644 nostra
1058 599 1126 668 qua

56 671 139 760 sunt
156 673 250 763 super
275 685 393 739 terrum
417 666 717 743 &frustisscetuus
736 669 877 762 spiritu:
903 684 945 750 ut
963 672 998 742 in
1015 675 1125 746 nobis

61 768 158 861 quast
182 771 218 841 in
237 765 405 859 spirituali
421 766 583 861 paradiso
601 769 704 840 Deus
727 769 956 860 obambulet,
984 785 1125 866 regnet·
1225 802 1248 819 2

61 889 133 960 que
164 865 259 940 solus
292 869 331 941 iu
356 866 463 941 nobis
490 887 572 940 curn
598 865 739 940 Christo
765 868 828 941 suo
855 869 916 960 qui
941 868 1063 942 sedeat
1085 873 1126 947 in

60 968 169 1041 nobis
197 989 216 1039 a
243 965 377 1040 dextris
402 967 547 1039 uirtutis
566 968 661 1039 illius
682 964 870 1061 spiritualis
892 988 996 1059 quarn
1023 984 1125 1063 opta·

58 1087 139 1142 mus
162 1067 344 1159 accipere:
377 1064 569 1157 sedeatque
597 1067 717 1139 donec
736 1069 870 1139 inimici
896 1069 970 1158 ejus
996 1088 1124 1143 omnes

60 1168 121 1257 qui
140 1168 177 1239 in
195 1167 303 1239 nobis
325 1165 432 1253 sunt,
464 1160 556 1239 fiant
578 1166 737 1252 scabidum
754 1169 868 1262 pedum
891 1167 966 1257 eius
987 1165 1020 1239 n
1040 1191 1125 1240 eva·

61 1278 190 1339 cuetur
207 1265 368 1338 innubis
388 1265 505 1339 omnis
525 1267 746 1360 principatus
767 1266 800 1338 n
823 1262 982 1359 potestas
1004 1265 1125 1338 &vin
1190 1254 1199 1279 ⁸

58 1378 130 1439 tus.
180 1362 330 1439 Poffuut
362 1365 460 1439 enim
491 1364 569 1437 haec
592 1366 639 1437 in
673 1386 749 1438 uno
783 1385 929 1457 quoque
961 1365 1125 1440 nostrum

59 1461 163 1555 fieri,
190 1463 223 1535 δι
244 1459 411 1554 novffma
436 1468 566 1536 inimica
590 1462 721 1537 destrui
742 1487 849 1549 mors3
882 1476 924 1536 ut
943 1461 977 1535 u
998 1466 1036 1535 in
1056 1486 1125 1537 no·

58 1566 114 1637 bis
133 1561 293 1663 Christus
312 1562 425 1637 dicat:
469 1563 529 1635 Ubi
550 1563 590 1662 eft
606 1589 688 1635 mors
697 1565 846 1661 stimulus
865 1569 967 1634 tuus?
1002 1566 1062 1633 Ubi
1083 1564 1124 1661 esi

59 1663 191 1755 inserere
214 1660 353 1735 vitiario
375 1659 465 1734 rua?
487 1662 564 1758 Jam
587 1683 686 1735 nunc
708 1665 815 1759 igitur
837 1663 1038 1759 corruptibile
1054 1685 1123 1736 no·

56 1762 166 1838 strum
190 1763 358 1835 induatur
383 1783 462 1837 eam
484 1782 562 1853 quae
580 1759 633 1834 est
652 1764 690 1834 in
714 1759 929 1835 castitate&
956 1763 993 1834 in
1021 1764 1122 1837 omni

56 1865 246 1957 puritate,
285 1857 505 1934 sanititatem
532 1859 566 1932 dt
594 1865 891 1958 incorruptionemt
917 1860 969 1947 ,ἃ
993 1864 1122 1934 mortale

59 1973 233 2036 evacuata
260 1972 382 2033 morte
408 1971 593 2052 paternam
626 1960 795 2057 induatur
827 1961 1122 2051 immortalitatem,

55 2075 99 2134 ut
130 2062 168 2132 in
199 2060 307 2132 nobis
339 2072 513 2154 regnante
548 2058 635 2131 Deo
667 2061 706 2132 in
735 2060 1018 2159 regenerationis
1048 2061 1123 2153 jana
1189 2137 1192 2143 ,

54 2155 393 2250 rerurreurousque
413 2157 520 2231 bonis
536 2157 727 2235 versemur.

131 2260 193 2338 26.
223 2262 300 2329 diat
319 2259 472 2329 veluntas
492 2258 636 2352 tuaſscut
650 2262 689 2329 ira
707 2259 776 2331 calo
790 2255 830 2336 ὅ
848 2263 884 2328 in
898 2276 998 2331 terra.
1049 2254 1123 2333 Lu·
1197 2285 1202 2299 “

57 2382 117 2435 cas
134 2360 189 2432 his
207 2357 335 2432 omiffis
357 2355 439 2450 post
455 2358 562 2431 illud:
588 2361 754 2431 Adveniet
774 2377 1029 2454 regnantum,
1055 2380 1123 2453 po·
1238 2404 1240 2409 ,

55 2460 141 2534 suit:
180 2456 304 2532 Panem
331 2458 467 2554 nostrum
488 2459 813 2556 superfiabflantiolem
841 2461 880 2530 da
905 2460 994 2530 nobis
1019 2459 1121 2533 hodie.
1228 2548 1233 2555 .

57 2556 226 2633 Praeuua
242 2560 349 2656 igitur
362 2560 473 2633 verba
488 2578 569 2631 curn
588 2559 682 2653 apud
697 2558 810 2632 solum
826 2558 1042 2631 Mattheum
1062 2557 1123 2647 ha·

57 2661 234 2750 beantur,
261 2655 526 2751 consequenter
546 2657 589 2730 ad
605 2680 647 2731 ea
665 2679 743 2750 quae
764 2659 973 2753 praecedunt
989 2677 1122 2752 expen·
1169 2679 1172 2685 ’

57 2759 193 2830 damus.
246 2752 336 2829 Cum
359 2758 474 2847 adhuc
497 2754 734 2829 versemur'in
757 2770 851 2831 terra
875 2779 945 2829 nos
966 2758 1024 2847 qui
1043 2776 1122 2829 ora·

58 2876 160 2940 mus,
186 2855 498 2951 intelligamusque
521 2856 560 2927 iu
585 2857 675 2928 caelo
698 2854 778 2934 fieri
797 2855 868 2929 Dei
890 2856 1124 2929 voluntatem

58 2956 103 3028 ab
137 2954 304 3026 omnibus
333 2958 503 3027 calorum
528 2952 759 3027 domesticis:
792 2975 938 3029 oremus
967 2975 987 3027 a
1013 2953 1121 3027 nobis

59 3055 168 3128 etiam
187 3055 246 3143 qui
261 3055 299 3124 in
322 3067 417 3126 terra
434 3053 576 3146 sumus,
603 3054 640 3125 in
663 3055 831 3129 omnibus
853 3050 932 3127 fieri
952 3053 1121 3125 volunta·

56 3166 133 3227 tem
150 3151 241 3225 Dei:
267 3153 365 3242 quod
382 3154 543 3244 accidet,
570 3151 593 3226 ii
609 3152 842 3248 nihiipraeter
858 3153 963 3243 ipfius
979 3170 1121 3251 agamus

56 3255 301 3328 voluntatem.
353 3250 442 3326 Cum
459 3266 579 3326 autem
595 3250 684 3325 sicut
698 3254 736 3326 in
756 3256 845 3325 caelo
865 3252 936 3323 Dei
951 3252 1121 3323 voluntas

56 3350 131 3442 est,
160 3351 207 3424 stc
224 3352 332 3424 etiam
348 3373 368 3424 a
385 3334 492 3425 inobis
510 3351 702 3445 adimpleta
718 3353 876 3425 fueritin
891 3364 1005 3422 terra:
1032 3361 1122 3451 tune

57 3451 187 3527 similes
203 3449 417 3537 celestibus,
444 3471 576 3546 nempe
590 3464 780 3545 portantes
795 3471 895 3542 aque
914 3450 1019 3522 acilii
1037 3449 1122 3521 ima·

57 3551 179 3645 ginem
193 3549 360 3637 celestis,
386 3552 547 3624 haeredes
564 3553 694 3625 erimus
711 3552 811 3647 regni
827 3552 1018 3641 caelorum,
1044 3568 1122 3639 ora·

57 3651 222 3741 buntque
240 3649 370 3725 deinde
385 3652 409 3722 ii
426 3651 485 3742 qui
503 3652 611 3725 nobis
624 3653 661 3724 in
680 3664 774 3723 terra
788 3648 1001 3740 succedent,
1029 3646 1120 3718 celo

54 3749 129 3842 jam
146 3751 303 3843 receptis
317 3751 424 3824 nobis
440 3748 619 3829 adsimilari.
664 3747 789 3825 Potest
803 3751 910 3823 etiarn
926 3747 1122 3821 secundum

57 3847 275 3925 Matthaeum
297 3850 481 3925 dumtaxat
506 3849 639 4027 mutii<
639 3853 730 3923 Sicut
748 3855 786 3923 in
808 3849 876 3923 cala
897 3846 990 3949 (tin
1015 3862 1123 3930 terra,

550 3958 554 3964 ’
647 3950 724 4027 ita
1041 3951 1128 4007 n*
1206 3966 1211 3975 ·
