2498 4254
238 152 245 170 ‘
318 173 397 251 or
444 120 781 270 rnrucr'rus,
829 175 932 253 rm.
957 174 986 253 1.
1131 190 1218 277 2³)

110 332 300 428 officium,
333 357 411 409 non
434 336 510 411 loci
535 339 696 432 culpam,
734 334 794 409 sed
818 339 984 412 morbum
1008 339 1180 433 corporis
1222 370 1225 377 ·

108 433 435 533 ellelcausandum,
458 457 524 529 per
556 456 663 527 quem
694 440 877 511 urbatum
910 458 1042 531 corpus
1067 452 1177 529 atque

109 530 299 609 confusum
315 556 536 627 nequaquam
551 540 649 609 notis
663 557 704 609 ac
715 536 932 609 naturalibus
946 537 1050 610 lineis
1070 534 1180 617 solita

107 635 219 711 menti
245 634 417 727 dependit
439 634 579 728 officia,
612 635 898 728 quandoquidem
919 658 987 708 nos
1008 637 1176 711 homines

108 734 235 807 animal
247 732 364 807 sumus
383 736 619 827 compositum
637 757 682 807 ex
702 737 866 827 corporis
882 736 1075 827 animaeque
1087 756 1174 829 conf

109 830 222 909 rursu
274 831 360 907 Hoc
386 833 479 907 enim
502 835 616 908 modo
640 835 892 907 habitarenos
912 834 1014 927 super
1039 849 1175 911 terram

107 932 267 1026 pollibile
290 931 372 1007 fuit.
434 932 553 1007 Deum
577 954 670 1006 vcro
698 936 758 1025 qui
784 935 942 1009 omnium
967 932 1018 1005 est
1042 934 1174 1027 princi-

106 1032 222 1126 pium,
250 1029 486 1124 compositum
511 1031 579 1106 else
598 1054 674 1107 non
694 1032 747 1106 est
764 1034 982 1127 putandum:
1007 1054 1053 1105 ne
1072 1031 1174 1107 forte

106 1132 226 1224 priora
252 1128 330 1222 ipso
355 1132 532 1227 principio
555 1135 784 1207 inveniantur
808 1134 985 1207 elementa
1008 1130 1103 1225 else,
1125 1152 1173 1207 ex

107 1232 232 1323 quibus
255 1232 492 1322 compositum
517 1230 568 1305 est
584 1253 691 1331 omne
711 1232 882 1324 quidquid
893 1232 981 1304 illud
1001 1230 1052 1304 est
1072 1228 1174 1324 quod

105 1329 345 1423 composrtum
363 1330 504 1405 dicitur.
554 1330 625 1405 Sed
641 1354 710 1404 nec
727 1331 966 1428 magnitudine
989 1330 1173 1424 corporali

105 1450 199 1503 nens
230 1429 436 1524 indigetur
461 1443 543 1524 agat
566 1432 734 1525 aliquid,
751 1434 813 1505 vel
837 1443 1048 1504 moveatur.
1079 1431 1172 1505 ficut

103 1531 229 1601 oculus
253 1548 337 1601 cum
351 1530 390 1601 in
409 1530 544 1622 majora
566 1530 709 1623 quidem
731 1551 888 1644 corpora
907 1516 1084 1603 intuendo
1103 1528 1171 1603 dis·

101 1627 289 1720 funditur,
325 1627 369 1700 ad
391 1646 506 1720 parva
528 1650 622 1701 vero
649 1630 683 1701 dc
709 1631 837 1725 exigua
868 1628 1094 1723 condiatur,
1132 1628 1171 1703 dt

100 1726 300 1822 astringitur
316 1728 360 1803 ad
375 1727 577 1803 videndum.
626 1727 767 1824 Indiget
785 1727 866 1801 sane
881 1750 980 1802 mens
995 1729 1169 1823 magnitu-

99 1827 180 1903 dine
202 1826 445 1921 intelligibili,
479 1828 657 1918 quianon
679 1828 937 1920 corporaliter,
964 1827 1024 1901 sed
1038 1828 1169 1901 intelli·

100 1927 252 2021 gibiliter
271 1923 410 1999 crescit.
465 1925 557 1999 Non
582 1927 677 1999 enim
699 1928 947 2020 corporalibus
968 1927 1168 1999 incremen-

102 2025 148 2099 tis
167 2023 265 2097 fimul
281 2045 363 2097 curn
378 2044 536 2118 corpore
549 2046 649 2098 mens
668 2023 777 2116 usque
794 2025 837 2098 ad
858 2025 1083 2120 vigesimum,
1103 2026 1168 2099 vel

95 2122 311 2237 trigefimum
332 2145 463 2197 annum
484 2125 597 2197 aetatis
623 2138 793 2221 augetur,
820 2122 878 2198 sed
903 2123 1166 2199 eruditionibus

94 2223 327 2297 &exercitiis
345 2223 509 2297 adhibitis
526 2246 675 2297 acumen
688 2224 829 2316 quidem
842 2222 1027 2297 elimatur
1016 2224 1165 2321 ingenii,

91 2342 244 2415 quaeque
259 2320 389 2394 sunt
359 2345 391 2394 er
411 2322 512 2395 inlita
533 2324 576 2395 ad
593 2324 863 2419 intelligentiam
885 2337 1165 2417 provocantur,

92 2423 259 2537 &capax
281 2419 438 2495 efficitur
455 2422 599 2514 majoris
621 2422 843 2516 intelleclus,
869 2444 946 2496 non
968 2424 1165 2537 corporali·

90 2524 163 2595 bus
182 2521 413 2595 incrementis
433 2520 556 2614 aubia,
582 2520 640 2595 sed
662 2523 872 2595 eruditionis
898 2522 1077 2595 exercitiis
1102 2523 1164 2596 eli·

87 2637 200 2697 mata.
250 2622 342 2715 Quae
356 2619 494 2693 idcirco
512 2642 589 2693 non
608 2620 723 2695 statim
742 2644 762 2692 a
781 2643 897 2715 puero
913 2625 976 2695 vel
997 2622 1165 2697 anativi·
1231 2626 1234 2631 ’

88 2736 170 2795 tate
185 2720 347 2812 recipcre
363 2718 508 2813 potest,
534 2721 616 2811 quia
629 2720 786 2795 invalida
799 2721 915 2794 adhuc
934 2721 968 2795 δι
984 2706 1163 2795 imbecilla

87 2820 337 2897 membrorum
369 2817 420 2891 est
445 2840 641 2914 compage,
669 2820 795 2911 quibus
820 2821 923 2893 velut
948 2822 1089 2934 organis
1115 2821 1161 2895 ad

88 2918 304 2995 exercitium
325 2915 375 2991 sui
397 2940 497 2993 mens
515 2920 656 3011 utitur,
688 2940 807 3017 neque
829 2921 1000 3011 operandi
1016 2922 1091 2992 vim
1107 2917 1162 2993 su·

84 3019 247 3095 stentare
270 3018 395 3109 valet,
428 3039 497 3093 nec
517 3018 755 3115 percipiendae
774 3018 964 3113 disciplina
988 3019 1159 3095 exhibere

86 3116 220 3193 sufficit
236 3116 453 3193 facultatem.

96 3252 105 3265 ·
166 3239 201 3310 7.
228 3214 264 3287 Si
287 3216 347 3307 qui
364 3231 484 3289 autem
505 3214 587 3289 sunt
604 3219 664 3308 qui
681 3231 838 3293 mentem
859 3215 969 3311 ipsam
992 3219 1157 3294 animam·

85 3338 161 3411 que
185 3336 318 3409 corpus
345 3313 414 3389 elle
439 3316 684 3409 arbitrentur,
720 3319 831 3392 velim
856 3318 941 3393 milri
965 3317 1180 3414 responde-2

84 3430 192 3511 rent,
218 3415 406 3506 quomodo
437 3428 616 3490 tantarum
646 3436 794 3509 rerum,
830 3432 902 3491 tam
938 3418 1152 3512 difficilium,

80 3530 235 3606 ,tamque
269 3513 448 3587 subtilium
477 3517 636 3587 rationes
679 3515 955 3610 assertionesque
990 3520 1152 3612 recipiat,

85 3614 198 3689 Unde
215 3614 247 3687 ei
271 3615 389 3685 virtus
404 3614 610 3687 memoriae?
634 3613 683 3687 Et
699 3615 795 3688 unde
817 3617 854 3689 ei
869 3637 986 3691 rerum
998 3616 1152 3690 invisibi-

84 3716 172 3789 lium
195 3711 484 3807 contemplatio?
509 3713 617 3785 Unde
636 3729 734 3786 certe
750 3716 1031 3808 incorporalium
1047 3715 1152 3787 intel·

84 3813 196 3889 letius
219 3833 348 3889 rerum
370 3815 517 3909 corpori
541 3811 661 3986 ἱιιὲίὶὲ
694 3816 894 3917 Quomodo
921 3829 1051 3895 natura
1069 3832 1152 3897 cor·

613 3936 640 4012 4
837 4002 840 4011 ,
996 3937 1126 4020 porea
1232 3948 1239 3969 ι
