2498 4254
129 279 136 287 ι
271 175 350 254 DE
398 158 967 270 PRINCIPIIS,L1B.III.
1069 181 1145 281 app

86 340 289 435 principum
306 342 409 434 hujus
425 338 548 412 mundi
560 337 809 433 intelligimus,
833 347 877 411 ut
892 334 943 412 est
955 333 1148 435 AEgyptio·
1216 418 1227 435 g

87 461 168 513 rum
181 438 316 513 secreta
333 461 437 532 quam
453 438 597 530 dicunt,
625 437 817 510 &occulta
837 434 1082 531 philosophia,
1111 437 1147 510 de

88 537 340 614 Chaldaeorum
357 537 548 634 astrologia
566 537 599 609 &
614 536 787 611 Indorum
797 536 846 621 ¹de
859 532 1004 610 scientia
1019 537 1147 613 excelsi

85 639 360 733 pollicentium,
385 636 444 711 sed
459 618 494 711 ht
508 636 718 710 Graecorum
729 636 915 729 multiplex
926 636 1094 729 variaque
1102 636 1148 711 de
1236 675 1243 687 ·

87 737 281 811 divinitate
299 737 481 812 sententia.
530 736 642 833 Igitur
660 736 698 809 in
709 734 889 829 scripturis
905 733 1028 809 sanctis
1045 736 1148 810 inve·

87 835 206 911 nimus
225 838 402 931 principes
425 834 493 909 effe
508 857 572 929 per
587 835 733 932 lingulas
749 849 894 932 gentes,
919 836 1008 909 sicut
1022 835 1059 908 in
1076 832 1150 909 Da'·
1237 862 1241 867 ·

86 934 188 1010 niele
204 937 350 1032 legimus
362 935 558 1029 principem
570 933 638 1008 effe
649 936 834 1026 quemdam
844 936 943 1031 regni
951 932 1148 1028 Persarum,

90 1033 127 1108 δι
140 1036 246 1107 alium
263 1037 459 1129 principem
476 1036 578 1130 regni
600 1033 810 1108 Graecorum
829 1056 919 1126 quos
938 1056 1015 1108 non
1034 1034 1148 1108 honri·
1177 1078 1180 1083 ·

88 1153 157 1207 nes
181 1132 278 1226 effe,
311 1133 371 1208 sed
392 1134 547 1208 virtutes
571 1134 737 1225 quasdam
757 1134 945 1208 evidenter
962 1157 1006 1208 ex
1026 1133 1149 1207 conse·

89 1233 241 1324 quentia
260 1235 364 1327 ipsius
387 1232 549 1307 letlionis
573 1233 782 1309 ostenditur.
845 1233 972 1308 Sed&
997 1234 1035 1307 in
1058 1229 1150 1329 Epe-

89 1333 209 1406 chiele
235 1336 412 1427 propheta
435 1334 601 1427 princeps
625 1331 718 1426 Tyri
753 1335 869 1407 virtus
895 1332 965 1408 effe
990 1333 1149 1425 quadam

88 1428 252 1524 spiritalis
268 1433 534 1507 manifestiffime
546 1433 752 1529 designatur.
803 1433 853 1506 Hi
869 1433 1005 1530 eigo&
1017 1435 1073 1507 alii
1086 1433 1150 1505 hu·

86 1530 267 1624 jusmodi,
295 1534 465 1606 habentes
484 1534 606 1628 singuli
618 1532 803 1625 sapientias
820 1531 915 1626 suas,
943 1533 978 1604 &
996 1532 1151 1605 astruen-

90 1642 149 1703 tes
168 1630 333 1725 dogmata
360 1631 448 1726 sua,
475 1632 663 1727 variasque
681 1631 898 1723 sententias,
923 1646 965 1704 ut
979 1632 1152 1705 viderunt

89 1726 290 1803 Dominum
310 1732 342 1803 ἃ
359 1731 584 1804 Salvatorem
598 1730 757 1804 nostrum
772 1732 1007 1824 pollicentem
1020 1732 1053 1804 dc
1065 1753 1152 1827 pra-

92 1828 272 1903 dicantem
288 1828 322 1903 se
338 1832 387 1902 ob
407 1833 480 1904 hoc
496 1829 631 1903 venisse
646 1831 684 1902 in
698 1832 795 1903 hunc
815 1831 1006 1921 mundum,
1030 1845 1073 1902 ut
1092 1828 1153 1902 de·

91 1926 246 2004 strueret
276 1932 395 2003 omnia
418 1930 479 2003 illa
504 1950 735 2023 quaecumque
761 1928 874 2004 effent
897 1929 970 2003 falsi
991 1929 1150 2002 nominis

91 2024 248 2100 scientiae
272 2030 466 2125 dogmata,
493 2029 668 2101 continuo
687 2029 763 2121 quis
781 2031 1013 2126 obtegeretur
1028 2028 1156 2107 intrin·
1241 2044 1246 2055 ‘

92 2122 217 2221 secus,
241 2130 467 2224 ignorantes,
492 2129 642 2202 insidiati
661 2128 741 2203 sunt
760 2132 819 2219 εἰς
839 2124 1036 2227 Astiterunt
1059 2126 1155 2201 enim

95 2253 179 2320 reget
201 2245 315 2314 terre,
351 2229 389 2304 (Ἰ
406 2233 563 2326 principes
584 2247 804 2302 convenerunt
825 2234 980 2299 inunum
1003 2227 1154 2316 adversus

95 2332 274 2401 Dominum
288 2324 326 2404 ὅ
340 2330 490 2416 adversus
508 2329 666 2425 Christum
679 2333 753 2426 ejus.
804 2329 946 2423 Quibus
964 2349 1090 2403 eorum
1101 2326 1155 2401 in·

94 2426 186 2502 fidiis
203 2429 377 2521 cognitis,
412 2429 445 2500 δι
462 2427 516 2502 his
541 2450 617 2520 quae
633 2428 799 2503 adversus
820 2425 931 2503 hlium
946 2427 1019 2502 Dei
1036 2426 1155 2501 moliti

95 2524 178 2619 sunt
196 2527 402 2620 intellectis,
430 2549 511 2602 cum
527 2528 649 2623 gloriae
664 2528 864 2603 Dominum
884 2525 1156 2620 crucifixerunt,
1208 2580 1211 2585 -

96 2627 149 2700 ait
167 2623 365 2720 Apostolus
387 2629 467 2719 quia
480 2628 672 2724 fhpientiam
695 2633 854 2729 loquimur
876 2634 963 2699 inter
983 2624 1156 2725 perfossos,

88 2727 285 2822 sapientiam
300 2744 404 2797 autem
419 2752 484 2798 nou
496 2730 594 2825 hujus
598 2729 707 2818 saeculi
715 2777 727 2810 ,
752 2751 852 2829 neque
858 2733 1043 2826 principum
1057 2726 1157 2823 hujus

92 2828 200 2920 saculi
211 2833 268 2924 qui
282 2828 507 2925 destruuntur,
532 2853 625 2925 quam
640 2853 728 2901 memo
737 2836 917 2927 primipum
932 2828 1157 2926 hujusmundi

97 2935 251 3020 cognovit.
303 2927 342 3003 Si
356 2934 441 2999 euim
460 2926 671 3025 cognoviffint
682 2981 692 3018 ,
717 2954 889 3029 numquam
910 2932 1084 3001 Dominum
1093 2928 1167 3022 glo„

99 3031 155 3104 rie
174 3029 408 3120 crucifixiflent.
1100 3110 1102 3114 ,
1137 3080 1140 3089 .

176 3149 206 3218 3.
234 3127 473 3225 Quaerendum
490 3123 571 3199 sane
587 3123 637 3198 est
650 3137 771 3201 utrum
787 3125 859 3199 istae
876 3125 1052 3219 sapientiae
1063 3126 1159 3220 prin·
1193 3160 1196 3165 ¹

99 3225 218 3318 cipum
235 3228 338 3320 hujus
354 3224 474 3299 mundi
488 3226 613 3315 quibus
624 3225 786 3299 homines
801 3227 960 3300 imbuere
978 3225 1157 3321 nituntur,

97 3326 281 3401 insidiandi
304 3324 504 3398 &laedendi
527 3323 644 3397 studio
667 3325 871 3420 ingerantur
887 3325 1092 3401 hominibus
1114 3321 1159 3402 ab

100 3425 307 3501 adversariis
325 3424 542 3516 virtutibus,
569 3438 630 3496 aut
643 3425 894 3498 tantummodo
909 3425 1041 3498 erroris
1055 3427 1159 3501 causa

102 3525 353 3599 adhibeantur:
379 3521 502 3616 idest,
527 3544 603 3596 non
621 3523 769 3596 laedendi
788 3524 941 3597 hominis
954 3524 1157 3621 prospectu,

101 3622 161 3699 sed
177 3625 259 3718 quia
279 3627 355 3698 haec
378 3643 465 3697 vera
482 3621 551 3697 elle
573 3623 635 3716 ipsr
651 3624 701 3695 illi
716 3624 838 3696 mundi
853 3625 956 3716 huius
977 3626 1157 3720 principes

103 3724 345 3818 arbitrantur,
383 3724 466 3795 ideo
490 3723 595 3797 etiam
620 3737 770 3797 caeteros
796 3723 929 3799 docere
952 3726 1097 3818 cupiant
1116 3745 1160 3797 ea

105 3845 183 3923 qua
197 3824 260 3927 ipsi
276 3846 365 3903 vera
381 3822 449 3901 elie
465 3822 676 3927 opinantem
702 3823 801 3923 quod
816 3824 976 3931 &mags
990 3825 1173 3999 arigium,

872 3938 876 3946 “
1058 3931 1154 3997 Ἠλὶ
