2498 4254
299 116 398 225 AD
441 52 978 201 ΙΜὰἸὰΤἨὰΙΠΜ.
1097 114 1191 218 615?

104 280 375 356 continebatur.
413 279 486 355 xSic
507 300 621 376 porro
637 281 727 353 dicit
748 276 1018 378 Evangeliume'
1033 283 1076 355 Si
1096 288 1172 383 quie

106 384 184 467 vult
206 381 269 478 post
296 404 341 449 me
366 389 501 469 venire,
536 382 662 476 abneget
679 382 901 479 semetipsum,
926 389 965 457 Θ
985 385 1077 457 tedet
1097 408 1172 455 eru·

101 507 164 552 cem
177 483 292 569 suom,
316 480 355 556 (5
373 482 526 579 *sequatur
551 506 610 560 me.
660 482 732 574 Qui
753 488 840 552 emim
864 480 1004 554 voluerit
1025 490 1171 556 amimam

95 584 188 674 suam
202 582 329 671 salvem
349 580 478 672 facere,
505 583 617 679 perdet
638 606 716 652 eom.
767 584 840 675 Qui
865 597 970 654 autem
994 587 1170 678 perdiderit

92 685 242 752 ‘animam
249 682 342 779 suam
359 699 487 779 propter
507 708 573 767 me,
596 680 719 770 [auduom
729 679 833 775 societ
848 706 924 755 eom.
975 685 1065 778 Quid
1081 688 1169 755 enim

97 782 216 879 prodest
243 783 366 853 homiui
392 783 423 880 ſs
452 784 602 852 mundum
632 781 817 872 universum
849 782 1016 871 lucretur,
1050 788 1170 856 amima

103 905 179 952 vera
198 883 265 970 sue
289 883 517 953 detrimentum
537 887 719 978 potiatur?
755 898 816 953 aut
837 884 1052 978 quam‘dodit
1079 885 1171 957 home
1206 958 1209 963 ,

101 986 374 1059 commutationem
390 1003 447 1077 pro
463 988 576 1055 amima
587 977 678 1071 suo?
699 982 797 1072 fidius
816 989 900 1052 emim
921 982 1061 1055 homimis
1085 1007 1168 1055 vero·

102 1096 198 1151 turus
224 1080 263 1180 est
283 1085 319 1151 im
339 1083 440 1175 glorio
458 1089 566 1179 patris
586 1083 637 1167 sui
657 1106 724 1151 cum
752 1083 884 1176 Angelis
902 1085 991 1171 suis,
1017 1083 1058 1160 (Ἰ
1088 1082 1165 1155 eum

100 1181 208 1250 reddet
242 1186 410 1279 uniruique
435 1185 601 1270 secumdum
629 1201 720 1275 opero
757 1185 835 1279 ejus.
895 1181 1009 1277 Quod
1044 1196 1167 1257 autem

98 1275 249 1372 seipsum
271 1282 449 1377 abnegare
466 1279 607 1356 necesse
631 1281 699 1373 sot,
727 1279 924 1357 &crucem
944 1279 1039 1354 suam
1058 1284 1167 1354 tolle.

99 1397 163 1468 re,
197 1378 376 1474 &Jesum
407 1380 533 1474 sequi,
565 1400 644 1454 non
674 1380 772 1453 solus
803 1380 904 1472 cuiue
934 1378 1166 1473 apposuimus

99 1479 213 1551 verba
236 1479 432 1554 Matthaeus
462 1479 620 1573 scripfit,
652 1479 713 1553 sed
740 1480 774 1551 ὰι
801 1479 919 1552 Lucas
948 1478 1163 1557 &Marcum

98 1574 196 1648 Audi
214 1579 309 1653 enim
325 1578 462 1653 Lucam
478 1579 677 1653 dicentem:
705 1583 744 1651 Si
756 1584 826 1676 quis
841 1581 918 1648 aute
925 1579 990 1676 pofl
1006 1603 1052 1649 me
1065 1584 1165 1649 oeni·
1186 1604 1200 1621 ,

98 1699 154 1761 re,
180 1678 308 1771 abneget
317 1679 533 1775 semetipsum,
560 1679 599 1754 di
623 1681 715 1750 todot
733 1703 850 1748 crucem
871 1679 979 1765 suam,
1005 1675 1165 1775 &sequo-

96 1791 156 1847 tur
173 1802 230 1852 me.
283 1780 352 1870 Qui
368 1783 454 1850 emim
476 1781 617 1850 voluerit
633 1783 773 1849 animam
790 1779 884 1867 suom
895 1778 1020 1868 salvom
1031 1777 1177 1869 facere,-

88 1877 205 1972 perdet
217 1876 322 1945 illam.
374 1881 447 1971 Qui
465 1895 572 1949 autem
581 1880 758 1975 perdiderit
776 1884 917 1949 amimam
932 1876 1019 1959 suam
1033 1893 1164 1974 propter

94 1997 166 2059 me,
192 1975 319 2063 salvem
340 1975 444 2068 faciet
469 1980 570 2053 illam.
621 1979 713 2072 Quid
737 1983 822 2048 emim
839 1980 967 2075 proficit
992 1974 1163 2068 hominist

94 2077 281 2162 uuiversum
298 2079 448 2148 muudum
462 2080 621 2171 lucretur,
640 2078 796 2167 seautem
807 2078 922 2173 perdat
938 2075 978 2153 di
991 2079 1162 2149 detrimen·

94 2189 165 2247 tum
185 2175 240 2263 sui
257 2174 396 2267 sociat?
429 2175 596 2250 Marcum
619 2188 759 2251 autem:
791 2178 839 2250 Et
868 2191 1040 2248 convocato
1065 2177 1163 2249 turbu

94 2299 165 2351 cum
183 2277 338 2372 discipulis
349 2277 436 2367 suis,
462 2281 548 2349 dixit
564 2282 630 2348 eis:
647 2277 763 2377 fiquis
781 2278 857 2349 mult
876 2302 923 2347 me
932 2278 1042 2374 sequi,
1068 2277 1163 2348 deuo·

91 2391 147 2468 get
168 2377 368 2473 semetipsum
395 2376 435 2454 m
462 2380 554 2450 tedet
577 2401 695 2448 crucem
717 2378 836 2467 suoru,-
869 2375 910 2455 di
925 2377 1082 2474 sequatur
1098 2400 1157 2449 me.

91 2477 165 2567 Qui
186 2481 270 2547 emim
295 2479 436 2549 veluerit
460 2483 600 2549 amimam
624 2479 719 2568 suem
742 2478 865 2564 deluam
887 2477 1029 2569 sacere‚'
1047 2478 1162 2572 perdet

91 2596 180 2647 eom:
214 2581 272 2674 qui
295 2594 401 2649 autem
423 2582 599 2675 perdiderit
622 2593 749 2674 propter
773 2578 1003 2671 Evangedium,
1030 2577 1162 2666 suolmam
1189 2576 1191 2580 ⁴

84 2673 195 2767 fociae
219 2699 295 2746 eam.
349 2680 441 2772 Quid
456 2685 542 2748 emim
564 2679 706 2772 proderit
718 2678 844 2747 homiui
856 2679 881 2771 fi
897 2679 1041 2748 lucratur
1062 2698 1157 2746 muor-

89 2773 165 2843 dum
182 2788 303 2863 totum,
328 2772 368 2852 dt
384 2779 607 2849 detrimentum
620 2783 737 2847 amima
744 2770 944 2867 suasoriae?
967 2777 1056 2868 Quid
1070 2780 1159 2861 emim

87 2873 178 2943 dabit
196 2876 285 2943 homo
299 2881 549 2948 commutationis
568 2886 627 2970 pro
645 2880 756 2947 amima
769 2870 853 2962 suo?
876 2873 1025 2949 Dudum
1048 2875 1158 2970 igitur

85 2968 231 3046 nosmet
246 2972 342 3067 ipsos
359 2976 537 3071 abnegare
555 2975 743 3049 debuimus
763 2974 798 3047 &
818 2973 961 3046 dicere:
991 2973 1077 3047 Vivo
1084 2977 1159 3070 jam

84 3095 151 3144 mu
175 3097 249 3165 ego:
272 3092 371 3148 nunc
387 3094 479 3148 vero
499 3087 669 3170 appareat
686 3095 731 3147 an
751 3072 989 3146 sustulerimus
1008 3090 1157 3147 erucem

86 3169 245 3246 nostram
270 3172 305 3245 &
326 3172 445 3268 Josum
468 3171 580 3247 secuti
608 3172 733 3247 samus:
758 3171 857 3263 quod
881 3169 1011 3245 fotium
1030 3169 1102 3266 est,
1128 3169 1156 3255 ss

86 3272 184 3345 vivit
205 3273 244 3344 in
271 3273 380 3345 nobis
401 3269 571 3348 Christus.
623 3269 659 3344 Si
684 3269 842 3346 nostram
873 3272 1045 3344 volumus
1080 3271 1158 3345 ani·

87 3392 182 3449 mam
201 3370 333 3445 salvam
355 3371 496 3462 facere,
521 3385 562 3444 ut
585 3370 694 3465 ipsam
719 3373 836 3444 anima
856 3371 1044 3445 meliorem
1063 3371 1156 3444 reci·
1218 3422 1221 3427 -

88 3472 248 3565 mamas,
263 3475 449 3564 'martyrio
471 3472 659 3565 perdamus
676 3491 765 3546 eam.
802 3469 838 3542 si
857 3470 952 3542 enim
973 3490 1052 3543 eam
1073 3489 1155 3561 per·

91 3568 282 3643 diderimus
305 3584 458 3663 propter
482 3568 679 3655 Christum,
706 3588 857 3663 eamque
876 3566 1153 3665 illidprofudeti·

89 3688 168 3740 mus
197 3683 348 3761 propter
373 3668 483 3764 ipsum
516 3667 742 3760 moriendo,
782 3687 905 3740 veram
938 3667 1084 3741 salutem
1118 3665 1152 3743 ei

88 3770 387 3865 comparabimus.
438 3770 500 3844 Sin
517 3773 654 3859 minus,
681 3766 865 3841 audiemus
886 3767 975 3841 nihil
993 3766 1043 3855 illi
1069 3784 1154 3857 pro·

577 3869 704 3965 qu
875 3944 892 3963 ,Ι
932 3863 1100 3983 Adeffe
1153 3892 1156 3896 ·
1205 3906 1208 3913 ·

809 3958 931 3987 τιμὴ·
