2498 4254
205 148 286 229 ui:
335 138 949 243 aurncra11s,'u1u.1v‚
1033 164 1103 251 au
1169 157 1172 163 ¹

39 311 310 409 magianum,
336 332 409 404 quo
425 311 502 402 quis
521 311 583 384 vel
598 308 801 385 incredulus
816 311 951 405 fuerit,
975 314 1038 388 vel
1052 313 1108 393 in*

46 414 185 511 dignus.
234 412 272 485 N
275 434 329 487 am
344 432 426 483 cum
442 410 635 509 cernrmlit
649 410 768 485 omnia
781 431 857 502 quae
871 412 993 487 hocin
1004 435 1106 489 mun*

43 513 92 587 do
115 510 219 606 sunt',
246 514 522 606 vel-geruntur,
547 510 620 581 Dei
643 508 874 603 providentia
898 512 1103 609 dispensari,

44 611 205 705 quaedam
225 610 367 702 quidem
382 605 462 681 satis
483 609 669 682 evidenter
686 624 878 704 apparent,
907 614 1107 707 quodpro.
1214 686 1217 691 .

41 710 215 785 videntiae
247 707 508 805 gubernatione
533 706 662 805 digesta
693 710 783 781 sint:
818 711 884 783 alia
914 731 1008 785 vero
1031 729 1106 791 tani

44 808 192 884 occulte
212 826 356 901 tamque
372 807 776 901 ineomprehensibiliter
791 810 1035 906 explicantur,
1062 828 1105 887 ut

42 912 187 1004 penitus
205 911 242 982 in
263 910 316 981 his
336 910 446 981 lateat
462 907 591 980 divinae
606 908 700 981 ratio
717 912 973 1000 providentiae:
998 912 1049 985 ita
1062 926 1107 987 ut

43 1010 224 1082 interdum
244 1030 265 1080 a
283 1008 465 1081 nonnullis
482 1026 551 1081 nec
568 1008 758 1080 credantur
781 1010 941 1099 quaedam
957 1011 1001 1085 ad
1020 1032 1105 1105 pro·

43 1109 240 1191 videntium
266 1109 473 1202 pertinere,
500 1109 669 1201 quoniam
688 1108 783 1180 ratio
801 1112 844 1181 ab
862 1110 913 1181 eis
936 1112 1025 1183 latet
1038 1131 1104 1205 per

44 1230 149 1300 quam
167 1206 339 1281 ineffabili
362 1206 510 1298 quadam
530 1223 606 1279 arte
632 1228 744 1299 opera
766 1206 894 1281 divinae
909 1211 1104 1302 providen-

43 1309 103 1382 tiae
122 1305 380 1399 dispensantur:
401 1326 477 1397 quar
493 1319 612 1387 tamen
625 1308 721 1379 ratio
737 1327 813 1379 non
827 1310 1008 1399 aqualiter
1027 1332 1105 1385 orn·

41 1407 151 1483 nibus
171 1408 353 1479 occultata
371 1405 431 1480 est.
481 1404 627 1479 Nam&
647 1407 741 1479 inter
763 1406 858 1502 ipsos
874 1410 1037 1484 homines
1059 1414 1103 1487 ab

43 1508 117 1579 alio
136 1506 276 1598 minus,
308 1506 352 1577 ab
372 1506 443 1578 alio
459 1504 606 1599 amplius
625 1505 888 1596 consideratum
911 1512 991 1601 plus
1008 1530 1103 1585 vero

42 1606 89 1679 ab
114 1606 214 1679 omni
239 1606 385 1679 homine
418 1606 532 1696 quiin
555 1606 659 1679 terris
681 1604 757 1699 est,
791 1607 947 1698 quisquis
970 1610 1031 1682 ille
1052 1611 1105 1685 est

43 1705 122 1777 caeli
140 1705 336 1798 habitator,
362 1702 574 1801 agnoscitur.
611 1702 661 1775 Et
671 1706 772 1777 aliter
783 1708 895 1777 claret
908 1726 1105 1801 corporum

41 1806 165 1898 ratio,
191 1804 293 1877 aliter
313 1805 507 1897 arborum,
533 1803 634 1875 aliter
648 1822 741 1875 vero
757 1807 890 1899 tegitur
905 1807 1105 1885 animorum

43 1903 82 1977 dt
96 1901 224 1978 diversi
240 1903 505 1975 rationabilium
518 1902 691 1976 mentium
708 1914 845 1997 motus,
871 1907 1020 1996 qualiter
1037 1926 1105 2001 per

43 2002 203 2078 divinam
216 2001 481 2095 providentiam
496 1999 759 2095 dispensentur,
783 2004 864 2094 plus
880 2004 1022 2095 quidem
1038 2010 1105 2080 ho·

43 2102 173 2195 mines,
198 2124 275 2174 non
290 2122 414 2194 parurn
429 2115 563 2194 tamen,
589 2115 631 2173 ut
643 2122 718 2196 ego,
728 2103 897 2196 arbitror,
924 2106 1028 2177 etiam
1045 2128 1105 2180 an·

43 2203 147 2299 gelos
160 2198 261 2295 lat'et,
287 2199 356 2273 Sed
365 2200 455 2273 sicut
467 2221 544 2273 non
556 2198 692 2273 idcirco
705 2200 880 2274 refellitur
892 2202 1012 2277 divina
1021 2226 1105 2298 pro.

45 2300 207 2373 videntia
230 2301 344 2373 abhis
363 2300 515 2374 maxime
541 2300 600 2391 qui
621 2320 697 2372 eam
717 2299 785 2374 elle
802 2303 894 2374 certi
917 2299 1016 2399 sunt,
1043 2306 1105 2397 qui

45 2420 161 2495 opera
179 2401 253 2492 ejus
282 2401 342 2472 vel
365 2396 637 2494 dispensationes
659 2399 820 2473 humanis
838 2402 989 2497 ingeniis
1006 2426 1104 2479 conr·

42 2500 269 2595 prehendere
282 2520 358 2572 non
372 2498 534 2592 possunt:
559 2501 609 2572 ita
622 2520 668 2571 ne
682 2495 862 2594 scripturae
874 2500 1018 2593 quidem
1031 2502 1106 2579 san·

47 2598 110 2672 siae
129 2598 252 2673 divina
267 2598 336 2671 else
356 2597 537 2694 inspiratio
556 2620 633 2690 quae
647 2618 712 2691 per
732 2618 864 2693 corpus
890 2602 965 2693 ejus
981 2614 1109 2678 exten·

46 2698 163 2793 ditur,
189 2714 384 2795 propterea
396 2719 473 2771 non
490 2700 675 2791 putabitur
686 2697 785 2789 quod
803 2696 985 2773 infirmitas
1001 2704 1107 2776 intel·

45 2798 202 2893 ligenti'ae
219 2798 348 2871 nostrae
363 2817 441 2871 non
461 2802 562 2871 valet
577 2816 643 2889 per
665 2795 799 2893 lingula
813 2800 927 2871 verba
942 2803 1105 2875 occultas

48 2894 249 2973 &latentes
262 2897 474 2995 investigare
488 2895 692 2991 sententias,
719 2897 803 2976 dum
817 2900 855 2972 in
869 2898 1056 2973 vilioribus
1071 2900 1107 2973 u

917 3018 1054 3075 incom·
1096 3030 1100 3039 ·

271 3156 701 3267 iurauerunar'ro
737 3178 883 3233 noun.

47 3318 126 3373 non
142 3298 509 3395 comprehenduntur:
535 3298 586 3369 ita
601 3316 719 3389 neque
733 3293 913 3393 scripturae
928 3297 1111 3394 divinitati

46 3418 113 3493 per
138 3420 216 3473 eam
250 3416 364 3473 totam
390 3394 522 3471 diffusae
547 3397 738 3490 quidquam
761 3397 961 3472 detrahitur
986 3422 1032 3473 ex
1058 3418 1105 3477 eo

49 3498 149 3591 quod
165 3500 297 3597 ingenii
313 3496 425 3571 nostri
450 3496 671 3571 imbecillitas
694 3497 732 3570 in
754 3518 965 3593 unaquaque
983 3500 1108 3579 difflo-

48 3618 97 3673 ne
118 3597 260 3675 minime
275 3600 379 3692 poffit
398 3598 588 3691 pervenire
606 3595 651 3669 ad
670 3616 836 3673 arcanum
854 3596 1107 3685 sententiarum

49 3696 273 3790 splendorem
296 3702 332 3773 in
349 3698 471 3771 humili
489 3697 524 3770 &
541 3696 674 3791 abjesta
689 3698 879 3775 locutione
898 3698 1106 3775 delitescenss
1181 3776 1185 3785 ,

50 3806 111 3875 ie:
139 3794 298 3879 flebamus
312 3799 406 3883 enim
421 3797 603 3892 thesaurum
619 3802 659 3869 in
671 3797 951 3898 aastsfiflrlilria,i
963 3800 1107 3888 urselli*

163 3956 169 3963 .
972 3914 1075 3971 nitu

680 4020 697 4056 l
