2498 4254
82 138 152 213 rm
404 106 882 189 onlcuuts:

80 292 203 369 retur,
230 272 602 368 &exrcpromiffione
617 275 798 369 nascatur,
825 231 914 351 alius
928 294 1011 369 quot

80 375 419 468 isaacunebecca,
447 376 578 466 quique
592 375 758 448 adhuc'in
771 378 1011 471 ventrepolib

80 478 220 575 plantat
242 472 388 547 fratrem
412 472 533 565 suum,
560 472 594 545 ἃ
618 486 806 565 antequam
830 473 1011 569 nascatur,

81 576 213 650 dicitnr
228 596 248 646 a
262 572 361 646 De0.
412 573 486 646 Vel
498 573 570 645 hoc
587 571 697 665 ipsum
712 575 881 668 omnino,
908 577 1009 667 quod

80 676 184 750 braeis
207 672 284 765 quis
301 670 482 766 nascitur,
517 672 610 765 apud
628 694 719 765 quos
745 674 987 751 eruditionem
1006 708 1011 743 t

72 776 168 870 ‘legis
194 773 374 845 inveniat:
402 772 488 844 alius
515 792 605 844 vero
630 772 722 864 apud
739 772 949 848 Graecos&
973 776 1010 870 ip

80 878 242 971 pientes,
268 871 303 943 ἀ
316 891 392 944 non
404 891 524 963 parvae
540 872 750 944 eruditionis
760 872 947 965 homines,
961 876 1011 966 jar

82 977 170 1049 alius
191 971 283 1065 apud
298 969 513 1063 AEthiopes,
540 972 666 1062 quibus
680 970 776 1044 vesci
794 972 956 1046 humanis
971 997 1011 1047 ca

80 1073 162 1148 usus
190 1071 257 1145 est:
289 1084 349 1142 aut
383 1068 651 1162 apud-Scythas
676 1070 769 1164 apud
794 1091 886 1162 quos
910 1074 1011 1166 parri

83 1172 177 1265 quast
195 1170 335 1264 exlege
353 1169 511 1265 geritur:
543 1171 604 1244 vel
625 1170 718 1263 apud
734 1168 905 1265 Tauros,
938 1174 1002 1246 ubi

81 1287 139 1346 tes
153 1270 391 1343 immolantur.
442 1267 558 1341 Aiunt
573 1289 660 1365 ergo
674 1270 799 1342 nobis:
823 1269 860 1344 Si
877 1271 954 1344 haec
970 1284 1011 1346 ta

81 1392 162 1443 rum
175 1368 380 1461 diversitas,
405 1366 640 1458 nascendique
654 1369 899 1443 conditiotam
912 1372 1011 1444 varia

84 1492 155 1563 que
171 1465 334 1560 diversa,
361 1469 399 1540 in
416 1488 490 1559 qua.
503 1464 604 1540 causa
618 1469 742 1571 utique
759 1468 909 1542 facultas
928 1471 1011 1544 liber

82 1570 142 1642 trii
161 1571 283 1641 locnm
302 1584 379 1639 non
398 1567 507 1640 habet
524 1564 622 1664 (non
642 1568 735 1640 enim
750 1568 827 1660 quis
844 1566 917 1660 ipse
935 1569 998 1644 fibi

83 1668 248 1759 velubi,
280 1668 341 1740 vel
359 1665 451 1758 apud
468 1687 587 1760 quos,
621 1670 682 1739 vel
703 1688 772 1758 qua
794 1668 1007 1743 conditione

82 1769 164 1867 tur)
183 1767 220 1840 Si
238 1786 347 1862 ergo,
373 1765 560 1858 inquiunt,
585 1766 659 1839 hoc
673 1788 749 1839 non
763 1765 850 1839 facit
869 1780 1006 1841 natura

82 1870 163 1944 litas
178 1868 391 1956 animarum,
417 1864 538 1958 idest,
563 1869 708 1939 utmala
722 1856 1011 1941 natura'animaea

83 1981 158 2043 tem
172 1969 298 2041 malam
316 1965 535 2057 destinetur,
561 1964 660 2037 bona
682 1977 800 2038 autem
820 1966 863 2038 ad
882 1967 999 2042 bonas

83 2070 178 2143 aliud
187 2064 361 2159 superest,
377 2065 439 2139 nisr
454 2079 497 2136 ut
504 2064 660 2137 fortuito
668 2063 732 2139 ista
745 2065 799 2160 agi
809 2066 1011 2156 putentur&

85 2166 200 2267 Quod
217 2166 342 2256 utique
357 2164 607 2255 srrecipiatur,
630 2163 702 2255 jam
718 2184 786 2236 nec
803 2186 823 2237 a
838 2164 924 2238 Deo
939 2166 1010 2240 fast

82 2264 259 2357 mundus,
293 2283 362 2335 nec
387 2283 407 2334 a
431 2263 663 2355 providentia
689 2265 764 2357 ejus
789 2265 864 2360 regi
889 2265 1011 2339 credet

82 2365 346 2455 consequenter
361 2382 431 2434 nec
445 2361 516 2433 Dei
528 2362 700 2453 judicium
720 2362 764 2455 de
785 2364 1011 2458 uniuscujusq

82 2464 144 2539 stis
159 2461 342 2536 videbitur
363 2458 641 2554 exspettandum.
692 2461 735 2534 ln
756 2483 825 2554 qua
846 2484 886 2537 re
908 2486 986 2557 quae
1005 2482 1011 2538 t

85 2564 167 2639 dem
182 2562 226 2636 ad
239 2560 409 2653 liquidum
423 2561 558 2634 veritas
572 2581 711 2655 rerum,
738 2563 831 2635 illius
850 2562 902 2638 est
913 2562 1011 2639 noll‘e

85 2665 147 2759 qui
160 2660 337 2736 scrutatur
353 2660 489 2752 omnia,
516 2662 621 2735 etiam
642 2662 713 2734 alta
727 2661 811 2737 Dei.

160 2766 196 2838 6.
222 2760 305 2834 Nos
324 2779 417 2833 vero
442 2759 535 2851 quast
553 2759 718 2833 homines
735 2758 803 2858 (ne
820 2761 1011 2835 haereticor

83 2859 273 2939 solentiam
294 2858 483 2932 reticendo
507 2858 725 2958 nutriamus)
744 2882 822 2952 quae
836 2864 1011 2954 pro'virib

82 2962 163 3039 stris
189 2978 382 3036 occurrere
406 2958 512 3032 nobis
536 2957 703 3052 poliunt,
730 2960 774 3033 ad
798 2981 840 3032 ea
864 2982 942 3052 quae
967 2964 1011 3035 ob

83 3077 188 3158 runt,
214 3060 289 3135 hoc
304 3058 417 3132 modo
437 3056 740 3152 respondebimus.
790 3058 933 3135 Bonum
951 3060 1011 3136 elle

40 3218 46 3226 .
83 3162 217 3237 stum&
231 3160 520 3255 omnipotentem
529 3156 650 3232 Deum
663 3170 865 3233 creatorem
876 3160 1011 3234 univer:

85 3263 213 3353 quibus
244 3260 419 3333 valuimus
452 3279 498 3333 ex
524 3258 653 3331 divinis
686 3256 867 3352 scripturis
892 3258 1011 3334 asserti

79 3358 293 3453 frequenter
309 3356 538 3434 ostendimus.
596 3357 667 3430 Hic
693 3378 773 3430 cum
792 3359 830 3431 in
846 3360 1011 3454 principi<

50 3540 54 3547 ,
83 3474 143 3535 ret
159 3480 202 3533 ea
218 3480 296 3552 quae
310 3478 432 3531 creare
450 3456 592 3549 voluit,
617 3456 655 3529 id
669 3456 720 3529 est
732 3458 962 3532 rationabiles
976 3481 1011 3532 nr

84 3558 219 3636 nullan
236 3558 361 3631 habuit
376 3558 477 3630 aliam
500 3554 642 3630 creandi
669 3555 803 3631 causam
829 3556 892 3630 nisr
916 3579 1009 3656 prop

82 3654 219 3757 ipsum,
245 3656 282 3730 id
313 3656 363 3731 est
387 3655 586 3729 bonitatem
620 3653 726 3732 suam.
779 3656 875 3757 Quia
899 3678 988 3754 ergo

85 3780 164 3857 qus
178 3756 468 3856 escenderunt,
492 3754 566 3855 ipse
582 3755 717 3834 erffim
736 3752 855 3839 causa:
879 3756 1007 3851 inquo

974 3880 1011 3933 va
