2498 4254
251 168 358 251 nr
405 168 738 303 rnrucrruc,
788 104 1017 255 muru}
1089 199 1163 275 403

102 334 147 410 lic
160 332 259 407 lucis
278 333 443 409 universa
461 347 622 409 creatura
647 334 874 430 participium
889 334 1014 427 trahit,
1039 337 1164 415 incor-

99 447 206 527 rupta
217 430 317 507 est&
339 451 490 525 aeterna,
517 435 624 518 valde
637 437 863 527 consequens
879 434 912 507 dc
929 433 1163 517 necessarium

55 610 58 615 ,
100 528 152 607 est
165 536 271 607 etiam
285 534 664 609 omnemsubstantiam
677 556 755 627 quae
768 537 1162 613 reternaeilliusnaturae

98 635 326 733 participium
351 637 481 726 trahit,
517 635 709 729 perdurare
739 638 845 709 etiam
868 633 1087 728 semper,·&
1105 642 1163 713 iu·

99 734 371 826 corruptibilem
394 730 463 807 else
485 733 521 808 u
542 748 735 815 aeternam,
767 747 809 807 ut
830 733 961 808 divinae
984 736 1161 813 bonitatis

98 835 279 906 aeternitas
295 838 401 907 etiem
416 838 454 907 in
471 857 513 907 ea
530 835 767 930 intelligatur,
794 833 926 909 dum&
943 836 1160 911 aeternisuut

97 931 136 1005 hi
151 932 209 1023 qui
232 931 308 1024 ejus
322 931 502 1007 beneficia
521 933 801 1025 consequuntur.
853 932 924 1007 Sed
939 933 1030 1007 ficut
1044 936 1160 1030 perci·

95 1030 236 1124 piendae
259 1034 349 1105 lucis
366 1033 549 1108 diversrtar
573 1032 712 1107 servata
729 1033 780 1107 est
800 1036 836 1107 in
853 1034 1047 1127 exemplis,
1074 1055 1160 1113 cunr

96 1132 158 1204 vel
171 1129 333 1205 obtusior
344 1134 404 1205 vel
419 1136 560 1207 acutior
573 1135 722 1207 obtutus
736 1131 935 1229 designatus
949 1132 1000 1206 elt
1015 1134 1161 1211 intuen-

95 1231 166 1304 tis:
192 1234 243 1304 ita
260 1233 366 1305 etiam
385 1232 431 1307 de
451 1235 562 1331 patris
581 1233 615 1305 u
633 1228 696 1306 filii
714 1230 867 1306 &santii
884 1235 1035 1326 Spiritus
1051 1235 1160 1329 parti·

94 1332 280 1423 cipatione
294 1328 465 1415 servanda
480 1330 531 1407 est
543 1352 612 1426 pro
628 1334 836 1407 intentione
854 1330 972 1405 sensus
983 1334 1044 1406 vel
1058 1355 1158 1409 men·

94 1432 142 1501 tis
159 1433 359 1522 capacitate
379 1431 574 1509 diversitas.
625 1433 802 1524 Alioquin
819 1430 1105 1517 consideremus,
1118 1430 1158 1508 u

93 1548 173 1601 uon
190 1531 295 1604 etiam
308 1531 773 1626 impiumvideturutmens
785 1552 862 1624 quae
875 1528 949 1605 Dei
963 1551 1076 1623 capax
1089 1529 1157 1624 eli,

91 1626 353 1707 substantialem
370 1633 521 1724 recipiat
537 1635 740 1705 interitum:
767 1646 934 1723 tanquam
953 1630 1027 1705 hoc
1040 1630 1157 1724 ipsum

93 1729 192 1821 quod
212 1732 412 1829 intelligere
426 1731 545 1807 Deum
566 1729 686 1825 potest
704 1732 908 1823 desentire,
932 1748 1010 1803 uon
1021 1730 1056 1803 ei
1066 1725 1162 1831 suffiq

94 1847 183 1901 cere
204 1825 308 1921 possit
331 1832 373 1905 ad
398 1832 700 1925 perpetuitatem,
733 1833 886 1903 maxime
913 1846 995 1901 cum
1019 1827 1157 1904 etiamn

91 1946 158 2020 per
174 1928 424 2023 negligentiam
436 1930 579 2006 decidat
593 1950 753 2005 meusne
764 1950 852 2021 pure
863 1928 1047 2022 &integre
1062 1928 1101 2001 in
1116 1924 1156 2003 se

90 2025 392 2123 recipiatDeum,
418 2028 556 2122 semper
575 2044 694 2105 tamen
713 2030 895 2102 habeatin
914 2024 950 2101 se
976 2028 1080 2101 velut
1102 2024 1157 2101 se·
1205 2050 1212 2058 ·

90 2127 190 2200 mina
207 2129 364 2219 quaedam
383 2130 569 2224 reparandi
590 2150 632 2203 ac
652 2129 854 2202 renovandi
874 2126 1033 2200 melioris
1049 2125 1155 2201 intel·

87 2223 216 2319 lenus,
243 2246 323 2302 cum
335 2229 379 2304 ad
390 2226 895 2326 imaginemusrmilitudinem
906 2226 976 2299 Dei
987 2228 1047 2318 qui
1057 2246 1158 2301 crea·

89 2325 251 2420 viteum,
277 2329 430 2404 interior
442 2328 868 2423 homoqui&rationalis
879 2327 1019 2414 dicitur,
1045 2345 1155 2399 reno·

89 2436 208 2502 vatur.
258 2425 413 2523 Propter
434 2431 532 2521 quod
555 2423 788 2523 &propheta
811 2427 915 2500 dicit:
944 2426 1155 2515 Reminrfim·

88 2540 147 2598 rur
169 2526 208 2603 Θ
234 2546 463 2601 convertentur
488 2531 529 2601 od
557 2535 728 2603 Dominum
749 2551 853 2597 amnes
864 2527 951 2618 fines
971 2543 1086 2621 terra,
1110 2524 1154 2603 ὕ

52 2683 53 2686 ¹
87 2627 266 2700 auratum
284 2631 321 2700 in
345 2627 503 2726 conspefiu
523 2632 592 2728 ejus
603 2628 741 2723 familia
758 2652 860 2699 omnes
874 2629 1026 2720 gentium.

166 2745 221 2819 37.
248 2726 283 2801 Si
305 2731 383 2821 quis
405 2751 497 2804 vero
523 2729 632 2804 audet
656 2727 919 2803 substantialem
947 2723 1154 2818 corruptio·

88 2831 175 2901 nem
191 2827 274 2901 dare
293 2832 325 2902 ei
343 2833 403 2921 qui
417 2828 613 2904 secundum
629 2828 819 2924 imaginem
838 2823 1154 2899 &similitudinem

85 2918 164 2997 Dei
182 2925 293 3001 factus
317 2928 392 3024 est,
418 2944 461 3003 ut
483 2949 552 3025 ego
575 2941 689 3021 puto,
717 2927 882 3001 etiamid
905 2921 1018 3018 ipsum
1036 2917 1152 2993 lilium

88 3020 163 3096 Dei
178 3025 313 3102 causam
333 3030 525 3123 impietatis
546 3026 719 3102 extendit.
769 3022 891 3123 Imago
905 3040 1061 3113 namque
1076 3017 1152 3091 Dei

88 3120 280 3219 etiamipse
299 3132 498 3223 appellatur
516 3123 568 3201 est
583 3128 620 3199 in
636 3124 827 3220 scripturis.
875 3120 954 3197 Aut
976 3133 1076 3193 certe
1092 3135 1174 3191 ac·-

89 3223 189 3296 cuset
206 3230 266 3317 qui
278 3226 354 3301 haec
365 3230 413 3301 ita
429 3232 521 3318 vult,
547 3224 726 3320 scripturae
741 3222 989 3297 auctoritatem
1006 3238 1084 3309 quer
1097 3214 1149 3287 di·

89 3322 193 3398 citad
209 3328 398 3423 imaginem
413 3328 485 3402 Dei
502 3322 632 3401 fastum
648 3323 717 3400 else
730 3325 937 3399 hominem:
959 3321 997 3391 in
1016 3334 1090 3408 quo
1110 3313 1148 3388 dr

86 3421 274 3498 manifeste
287 3427 417 3499 divinae
432 3428 592 3524 imaginis
609 3438 881 3522 cognoscuntur
890 3416 1041 3509 indicia,
1068 3433 1149 3489 nou

85 3542 152 3613 per
169 3520 319 3621 effigiem
332 3528 588 3622 corporisque
604 3525 864 3617 corrumpitur,
890 3516 949 3592 sed
965 3536 1029 3612 per
1038 3513 1149 3590 animi

86 3620 333 3718 prudentiam,
360 3649 426 3720 per
441 3627 633 3720 justitiam,
660 3642 726 3721 per
749 3619 1055 3710 moderationem,
1080 3632 1147 3708 per

87 3722 293 3818 virtutem,
326 3748 391 3822 per
432 3728 667 3823 sapientiam,
700 3743 766 3830 per
804 3720 1048 3816 disciplinam,
1078 3729 1145 3807 per

89 3841 239 3898 omnem
256 3823 410 3920 denique
433 3829 608 3903 virtutum
633 3825 813 3921 chorum,
846 3842 925 3919 quae
948 3839 1033 3895 curn
1056 3815 1145 3886 Deo

611 3922 680 4005 cc
705 3944 730 4003 2
998 3910 1128 3989 uultur«
