2498 4254
300 88 899 263 onossnttou'n
1050 164 1124 256 aa
1189 114 1192 121 ’

72 315 215 395 Christo
234 319 348 394 vitam
363 319 563 395 defiderant
578 319 624 394 ab
642 320 778 418 exiguis
800 318 1002 398 &terrenis
1017 324 1127 397 rebus

71 421 242 495 oratione
265 421 458 515 petendis,
484 418 519 492 u
543 417 753 511 adrnystica
773 437 928 513 quorum
947 420 1022 495 haet
1047 442 1126 513 quse

68 517 217 612 praedixi
234 520 304 592 ima
329 521 405 594 'nes
422 530 547 614 erant,
571 515 775 612 scriptionis
793 517 891 593 istius
903 514 1055 595 letlores
1068 514 1134 594 adi
1150 564 1173 586 κ,

65 618 243 708 hortanti.
332 621 424 693 nnis
446 620 543 692 enirn
554 615 600 690 de
612 616 784 715 praeditlis
803 616 1038 712 spiritualibus
1050 640 1128 714 my·

66 715 237 810 stitisque
254 718 361 792 rebus
378 719 498 791 oratio
510 712 649 813 semper
665 718 710 791 ab
723 737 770 791 eo
783 714 966 811 perficitur
981 720 1042 811 qui
1057 744 1127 791 nan

59 817 226 906 secundum
237 842 363 890 carnem
372 817 521 892 militat:
544 813 607 889 sed
618 817 739 913 spiritu
748 814 842 910 salla
856 823 965 891 cunis
976 812 1128 893 mortifi-

67 928 149 1009 cat,
174 918 358 1011 plurisque
377 915 465 990 lseit
485 935 624 1007 eaquae
642 916 857 1014 anagogicus
876 912 994 991 sensus
1008 917 1128 1009 inqui.

66 1017 229 1090 rentibus
246 1017 416 1108 exhibet,
443 1035 547 1106 quarn
565 1015 664 1106 quod
671 1015 774 1108 juxta
785 1018 925 1091 literam
938 1017 1125 1093 amntibua
1147 1062 1150 1067 ·
1168 1044 1171 1049 ·

67 1114 253 1212 contigisse
276 1111 495 1190 beneficium
515 1112 670 1189 videtur.
720 1112 816 1188 Nam
838 1113 874 1187 u
887 1115 926 1189 in
940 1115 1047 1189 nobis
1064 1135 1125 1199 cu,-

63 1212 214 1287 randum
230 1214 283 1288 est
296 1236 343 1289 ne
356 1214 399 1288 srt
412 1216 529 1288 anima
542 1211 685 1305 sterilis,
708 1212 770 1288 sed
782 1213 995 1308 spiritualem
1002 1216 1124 1310 legem

64 1309 304 1405 spiritualibus
332 1315 475 1389 auribus
491 1314 705 1417 lassamus,
743 1331 818 1403 quo
834 1312 1029 1387 definamtrs
1053 1310 1126 1387 esse

62 1407 221 1505 steriles,
245 1412 330 1487 &ut
340 1414 448 1486 Anna
460 1428 567 1508 atque
576 1408 753 1485 Ezechias
764 1413 1011 1487 exaudiamur:
1033 1414 1128 1489 item

62 1520 106 1580 ut
123 1512 167 1583 ab
177 1510 421 1587 infidiantibus
435 1511 586 1589 inimicis
600 1508 839 1605 spiritualibus
852 1513 1023 1603 nequitia
1034 1512 1124 1585 libe·

61 1627 205 1702 remur,
238 1624 279 1683 ut
299 1611 554 1687 Mardochaeus
576 1608 611 1684 br
635 1606 763 1683 Esther
786 1609 821 1682 ta
843 1610 978 1705 Judith.
1027 1610 1123 1687 Item
1147 1682 1149 1685 ,

60 1710 235 1798 quoniam
252 1708 381 1785 fornax
401 1710 517 1787 ferrea
540 1706 720 1806 AEgyptus
745 1706 816 1787 est,
851 1711 985 1781 terreni
1003 1710 1122 1785 omnis

58 1804 270 1904 lotifigura,
297 1811 686 1902 quicumquehusnanae
700 1811 784 1883 vitae
799 1809 968 1882 malitiam
981 1805 1122 1903 effiagit,

60 1924 132 1977 nec
151 1922 339 1999 spectato
355 1907 593 1984 inflammatus
607 1904 675 1994 est,
703 1928 774 1981 nec
785 1928 850 1981 cor
864 1907 975 1980 babet
990 1908 1122 1983 clibani

58 2001 168 2078 instar
179 2009 261 2102 igne
275 2009 434 2104 plenum,
458 2029 537 2083 non
555 2009 715 2083 minores
728 2004 1122 2102 gratiasreferatquarn
1172 2078 1176 2087 ,

59 2105 122 2194 qui
140 2123 259 2181 rorem
274 2110 311 2180 in
328 2111 410 2204 igne
426 2110 566 2202 experti
585 2107 676 2182 sunt.
725 2109 818 2182 ltem
836 2108 920 2200 qui,
946 2125 1026 2179 curn
1042 2127 1121 2180 ora·

57 2215 172 2277 retae
189 2204 348 2281 diceret:
373 2210 427 2280 Ns
445 2214 554 2279 tradas
573 2209 672 2306 bestiis
687 2214 826 2279 animam
838 2209 1035 2297 confitentem
1047 2207 1120 2295 rili,

59 2303 246 2377 exauditus
268 2303 344 2398 est,
369 2304 404 2378 δι
425 2308 468 2380 ab
485 2306 602 2401 aspide
617 2308 650 2380 br
663 2306 821 2382 basilisco
836 2307 926 2381 nihil
938 2305 1036 2380 laesus
1053 2300 1119 2400 est,

59 2402 223 2494 eoquod
237 2406 332 2501 super
346 2406 407 2478 illa
429 2403 557 2480 Christi
581 2408 719 2481 virtute
738 2409 974 2493 ambulaverit,
993 2407 1121 2500 'camul-

56 2505 365 2600 caverr‘tqrrrlaomm
376 2505 415 2582 (5
423 2509 602 2602 draconem
623 2506 933 2605 ususqueegregia
944 2527 964 2579 a
976 2502 1118 2579 Christo

57 2599 297 2700 dntapoteflatt
311 2608 456 2678 calcandi
464 2606 563 2703 supra
576 2609 731 2703 serpentes
749 2609 787 2682 (5
796 2609 985 2702 scorpiones,
1010 2603 1048 2682 (5
1062 2606 1120 2693 su·
1211 2700 1214 2707 Ι

50 2721 113 2798 per
127 2726 245 2774 omnem
262 2710 571 2799 obrumbratio,
596 2708 695 2780 nulla
705 2710 749 2782 ab
766 2709 818 2781 eis
830 2707 955 2798 injuria
970 2700 1119 2778 offellus
1183 2735 1185 2743 ·

57 2797 131 2892 est,
156 2805 349 2896 ampliores
371 2802 527 2879 Daniele
550 2807 679 2902 gratias
705 2819 804 2901 agat,
829 2824 962 2897 nempe
982 2803 1122 2877 terribi-

55 2900 208 2976 lioribrrs
235 2904 584 2996 nocentioribusque
608 2905 737 2976 belluis
758 2904 941 2978 liberatus.
990 2901 1120 2975 Praeta·
1154 2960 1156 2965 .

55 3018 118 3075 rea
128 3000 262 3088 quistit
274 3004 374 3094 cujus
387 3005 458 3075 ceti
472 3005 588 3099 imago
599 3002 642 3076 srt
653 3003 714 3076 ille
727 3005 788 3093 qui
797 3003 926 3097 Jonaro
940 3000 1119 3097 deglutiit,

54 3099 295 3195 intelligitque
314 3101 408 3174 illius
428 3100 497 3175 elle
521 3103 565 3175 de
583 3121 656 3192 quo
679 3099 750 3196 Job
771 3109 840 3181 aits
867 3101 1044 3174 Maledicar
1067 3103 1117 3209 01⁶3

54 3203 112 3294 qui
125 3203 280 3272 maledicit
295 3204 375 3270 aliem
388 3205 489 3273 llam:
505 3206 562 3303 qrr'
573 3202 667 3272 balet
678 3226 823 3295 magnum
836 3217 936 3270 terrm
949 3201 1119 3297 opprimere

52 3295 122 3370 isfi
139 3320 213 3392 quo
228 3297 449 3374 infidelitatis
460 3298 558 3397 lapsu
571 3303 609 3375 in
623 3314 789 3399 ventrem
805 3301 877 3373 ceti
895 3301 1120 3394 pervenerit,

53 3401 234 3490 poenitens
250 3410 353 3488 oret,
367 3399 402 3473 o
414 3400 500 3474 inde
516 3400 740 3497 egredietur,
752 3395 990 3495 egressusque,
1003 3397 1028 3473 fi
1043 3396 1118 3473 Dei

53 3498 230 3572 mandetis
262 3517 387 3593 parere
412 3499 641 3595 perseveret,
672 3501 811 3594 poterit
836 3497 940 3571 editis
965 3494 1118 3571 favente

54 3593 177 3690 spiritu
204 3599 407 3691 prophetiis
438 3601 546 3674 etiam
568 3619 667 3674 nunt
689 3596 922 3692 pereuntibus
934 3594 1117 3671 Ninivitis

56 3694 201 3771 ocealio
216 3693 336 3792 salutis
355 3697 442 3772 esset
466 3718 587 3791 neque
601 3712 723 3772 tannen
738 3695 940 3779 bonitatem
951 3695 1023 3770 Dei
1037 3714 1117 3769 mo·

54 3788 262 3894 lelleferet,
285 3799 470 3877 necillum
484 3800 627 3896 optabit
642 3795 1115 3909 exscindens-voluntatem

1022 3912 1068 3970 m
