2498 4254
204 126 297 257 ’Μ
345 172 692 273 rnrncrrrrs,
740 174 846 257 trr.
872 170 919 257 11.
1046 188 1095 279 n

58 355 180 437 roms,
203 341 282 436 pari
302 363 383 417 cum
399 342 479 436 ipsrs
499 342 697 415 aeternitate
711 340 905 435 perduret,
931 362 977 416 en
999 362 1095 419 vero

58 442 196 517 bsoluta
211 443 374 515 interibit
391 441 585 535 &peribit
639 442 751 536 Quod
768 455 810 513 ut
826 442 931 534 pollit
951 442 1095 537 scrupu-

58 544 139 617 >ssus
152 540 392 637 deprehendi,
420 540 646 633 quaerendum
658 543 776 635 primo
795 541 962 636 videtur,
977 544 1000 616 sr
1014 536 1094 635 pos·

58 642 128 717 bile
151 641 203 716 est
227 643 369 735 penitus
396 642 628 735 incorporeas
653 662 839 715 remanere
862 642 1095 717 rationabiles

58 754 197 835 rturas,
225 742 368 815 eumad
386 741 555 814 summum
581 738 770 813 sanditatis
796 762 837 813 ac
862 741 1094 815 beatitudinis

60 843 221 934 enerint,
249 841 348 932 quod
366 841 452 915 mihi
464 840 606 933 quidem
624 838 863 914 difficillimum
882 840 1019 934 &pene
1031 844 1094 917 im·

58 941 189 1016 offibile
200 940 365 1014 videtur:
392 962 435 1013 an
449 938 587 1014 neoelle
603 940 654 1014 est
667 962 725 1013 eas
736 938 871 1033 semper
885 940 1095 1034 conlontlao

58 1038 100 1113 lle
115 1042 349 1135 corporibus.'
393 1040 430 1112 Si
447 1061 535 1136 ergo
550 1039 667 1134 pollet
686 1043 762 1132 quis
779 1038 967 1115 ostendere
983 1041 1094 1113 ratio·

58 1162 112 1215 em
130 1162 200 1233 qua
215 1141 375 1242 pollrbile
392 1139 477 1215 ellet
494 1164 551 1215 eas
570 1141 776 1217 omnimode
793 1160 914 1213 carere
931 1141 1094 1234 eorpori-

58 1260 120 1332 us,
146 1238 369 1333 consequens
386 1240 568 1314 videbitur
592 1240 690 1335 quod
706 1253 833 1313 natura
850 1261 1029 1335 corporeo
1046 1243 1095 1313 'ex

58 1340 144 1414 ihilo
158 1360 224 1433 per
237 1341 428 1430 intervalla
443 1354 647 1434 temporum
664 1352 877 1433 procreata,
904 1340 1094 1417 ficuteum

58 1460 106 1513 on
122 1438 230 1530 esset,
257 1438 385 1513 effetia
402 1438 472 1531 est,
507 1441 609 1516 ita&
628 1439 698 1517 elle
717 1439 891 1515 delineret
910 1462 991 1517 curn
1011 1436 1094 1515 usus

58 1538 105 1629 'fus
121 1538 305 1613 ministerii
324 1539 542 1635 preterisset.

106 1661 139 1714 e.
164 1637 201 1711 Si
214 1660 307 1713 vero
320 1640 532 1733 impoffibile
543 1638 593 1715 est
608 1640 683 1714 hoe
698 1641 774 1712 ullo
790 1639 903 1715 modo
916 1636 1095 1733 affirmari,

58 1736 133 1812 lest
153 1740 252 1830 qnod
269 1740 398 1813 vivere
413 1755 542 1833 praeter
558 1761 691 1833 corpus
707 1740 811 1833 pollrt
825 1742 898 1813 ulla
913 1740 980 1812 elia
992 1756 1095 1813 natu·

58 1852 217 1931 tpraeter
240 1851 378 1933 patrem
402 1840 437 1913 dt
458 1838 571 1915 tilium
592 1837 811 1933 &Spiritum
829 1838 1006 1929 faustum,
1033 1859 1096 1912 ne·

58 1936 162 2013 effitas
195 1937 460 2030 consequentiae
495 1961 536 2012 ac
567 1941 717 2012 rationis
753 1939 911 2011 coarctat
941 1938 1095 2033 intelligi

58 2036 273 2131 rincipaliter
290 2038 433 2129 quidem
447 2053 584 2113 creatas
601 2037 670 2112 elle
683 2037 915 2112 rationabiles
930 2050 1074 2109 naturas
1081 2036 1101 2109 τ’

58 2138 246 2211 raterialern
265 2158 358 2210 vero
381 2137 605 2216 substantiam
625 2139 801 2232 opinione
821 2138 966 2231 quidem
987 2135 1023 2209 tr
1042 2136 1094 2208 in·

58 2234 174 2311 elledlu
189 2235 303 2311 solum
327 2236 476 2331 separari
493 2239 538 2311 ab
563 2238 638 2331 eis,
667 2238 702 2310 dt
726 2258 794 2331 pro
820 2238 900 2331 ipfis
926 2238 988 2309 vel
1012 2232 1098 2329 post

58 2334 117 2409 ›sas
138 2334 302 2411 effedtam
323 2337 463 2428 videri,
490 2336 550 2411 sed
569 2359 760 2430 numquam
776 2338 850 2413 fine
866 2333 939 2431 ipsa
956 2358 1015 2409 eas
1031 2334 1096 2407 vel

58 2434 156 2508 inille
176 2436 239 2509 vel
253 2438 401 2511 vivere:
428 2435 535 2511 solius
552 2460 703 2530 namque
719 2436 911 2511 Trinitatis·
923 2438 1096 2527 incorpo-

58 2557 90 2609 ea
110 2536 190 2608 vita
215 2535 365 2610 existere
385 2536 481 2611 redte
500 2537 698 2631 putabitur.
754 2538 809 2611 Ut
830 2558 918 2633 ergo
935 2534 1097 2629 superius

58 2636 205 2727 nimus,
239 2637 430 2709 materialis
454 2636 518 2711 ista
542 2636 733 2711 substantia
756 2638 863 2729 hujus
886 2635 1010 2709 mundi
1035 2635 1096 2706 ha-

58 2756 119 2807 ens
138 2749 302 2809 naturam
324 2758 401 2829 quae
417 2758 463 2810 ex
479 2738 648 2809 omnibus
667 2736 847 2810 adomnia
863 2732 1098 2815 transforma·

58 2854 108 2929 tr,
135 2856 218 2909 curn
236 2836 280 2907 ad
296 2836 487 2910 inferiores
507 2857 670 2927 quosque
689 2838 870 2927 trahitur,
898 2836 936 2906 in
954 2830 1096 2907 eradio·

58 2956 104 3007 em
121 2936 288 3027 corporis
305 2932 433 3009 statum
453 2935 733 3027 solidioremqoe
752 2936 957 3025 formatur,
980 2932 1099 3001 lta-ut

58 3032 185 3107 ilibiles
202 3033 281 3106 istas
295 3034 414 3112 mundi
432 3032 565 3128 species
577 3035 769 3127 variasque
781 3032 990 3129 distinguat:
1012 3047 1097 3103 cum

58 3154 123 3207 ero
147 3132 425 3227 perfeetioribus
443 3133 618 3208 ministrat
641 3134 940 3227 &beatioribus7
962 3130 1000 3203 in
1026 3128 1096 3203 fol·

58 3253 117 3307 ore
137 3232 329 3307 coelestium
347 3254 545 3327 corporum
564 3236 698 3329 micat,
725 3233 935 3325 &spiritalis
961 3250 1097 3322 corpo·

59 3356 75 3404 s
90 3333 311 3406 indumentis
321 3336 383 3406 vel
397 3336 543 3428 angelos
559 3332 650 3423 Dei,
676 3336 738 3407 vel
755 3330 850 3405 filios
867 3330 1095 3405 restoretlio·

57 3432 83 3505 is
102 3447 279 3507 exornat:
315 3433 512 3524 exquibus
535 3434 701 3506 omnibus
724 3431 882 3506 diversus
905 3454 948 3505 ac
969 3430 1095 3501 varius

58 3533 133 3605 nius
153 3531 279 3605 mundi
296 3533 538 3625 complebitur
559 3531 682 3606 statos.
745 3530 930 3607 Verum-fi
952 3530 1094 3623 plenius

58 3654 104 3705 aec
117 3630 295 3705 discutere
310 3632 420 3723 libet,
448 3632 638 3725 oportebit
649 3632 821 3705 attentius
842 3628 1094 3722 &diligentius

58 3752 110 3805 nn
127 3733 228 3805 omni
239 3744 338 3805 metu
354 3730 424 3803 Dei
442 3731 699 3805 &reverentia
718 3730 926 3825 perscrutari
946 3728 1093 3817 scriptu·

58 3852 87 3906 ts
100 3830 262 3926 divinat,
286 3830 312 3906 fr
333 3830 417 3925 quid
432 3829 532 3907 forte
528 3832 586 4009 lin
597 3832 652 3907 his
671 3831 715 3909 de
730 3832 860 3909 talibus
886 3846 1032 3905 arcamrs
1055 3822 1094 3899 ἀ

584 3952 607 4031 5
913 3940 1041 4000 recon-
