2498 4254
102 212 174 287 282
269 249 322 263 -·
426 196 873 279 ORIGEN'FS‘r
971 222 1002 261 ³2

98 362 220 441 finem.
269 361 365 439 Nam
382 362 486 455 quod·
495 364 638 457 penitus
652 364 726 437 ime
740 364 848 438 initio
863 364 942 439 uilo
956 361 1028 458 est,
1046 366 1164 447 ¹dom-.-

100 462 276 561 prehendi
302 465 452 537 omnino
476 483 553 537 non
576 462 734 558 potest„-
766 464 809 537 In
835 480 1163 564 quantumcumque

101 564 196 639 enim
212 560 246 637 se
259 562 459 636 intellettus
473 563 695 655 extenderit,
721 566 914 647 intantum
925 567 1162 657 comprehen-

101 662 208 737 dendi
230 661 378 735 facultas
400 662 472 735 sine
488 658 564 737 fine
584 662 791 742 subducitur
812 662 857 743 du
872 661 1066 759 differtur,
1098 665 1162 745 ubi

99 762 331 847 initium-non
346 762 509 843 habetur.-
565 802 571 819 »-
815 762 820 799 ²
864 784 869 797 ’
1003 822 1006 829 .

179 980 212 1054 3.
238 956 309 1035 Sed
327 957 445 1036 solent
461 960 570 1039 nobis
590 961 750 1053 objicere
768 958 957 1036 dieentesr
988 960 1025 1034 Si
1052 964 1161 1057 coepit

98 1060 251 1139 mundus
271 1080 315 1131 ex
335 1071 522 1152 tempore,
549 1060 632 1153 quid
654 1072 738 1133 ante
758 1058 913 1135 faciebat
932 1060 1034 1139 Deus
1055 1083 1161 1154 quam

99 1158 252 1235 mundus
265 1158 465 1255 inciperet?
492 1158 654 1235 Otiosam
669 1159 810 1233 enim&
826 1159 1045 1239 immobilem
1065 1160 1160 1237 dice.

100 1278 141 1335 re
162 1270 324 1334 naturam
345 1257 415 1331 Dei
437 1260 584 1353 impium
600 1257 655 1332 'est
678 1257 833 1332 fimuldr
852 1257 1160 1349 abstird11m‚·vei

97 1370 226 1457 putare
246 1356 343 1448 quod
363 1356 507 1437 bonitus
525 1358 712 1455 aliquando
733 1358 829 1431 bene
851 1379 927 1431 non
946 1358 1097 1450 fecerit,
1124 1360 1161 1436 bu

99 1455 366 1553 omnipotentia
382 1456 571 1549 aliquando
585 1480 661 1534 non
673 1457 785 1551 egerit
800 1470 1054 1557 potentatum..
1072 1459 1158 1537 Hoc

100 1556 210 1634 nobis
240 1556 400 1650 objicere
424 1556 543 1637 solent
566 1558 768 1637 dicentibus
793 1554 965 1633 mundum
989 1558 1086 1631 hunc
1112 1579 1157 1636 ex

99 1666 202 1731 certo
220 1656 566 1754 tempore-cupido,
594 1655 831 1737 &secundum
846 1653 1029 1748 scripturae
1049 1654 1157 1733 fidem

97 1776 212 1833 annos
235 1776 379 1849 quoque
396 1758 508 1837 etatis
532 1756 635 1851 ipsus
655 1754 934 1837 numerantibus.
987 1753 1049 1829 Ad
1070 1778 1156 1849 quas

96 1854 364 1954 propositiones
386 1878 465 1934 non
486 1858 642 1935 arbitror
665 1856 816 1946 aliquem
834 1855 1090 1943 hereticorum
1109 1854 1157 1929 se.

98 1954 254 2033 cundum
270 1956 454 2035 rationem·
469 1954 645 2051 dogmatis
667 1953 716 2032 sui
732 1952 832 2048 poiie
848 1951 953 2034 facile
966 1954 1158 2055 responde·

97 2074 149 2131 ro.
210 2052 293 2130 Nos
311 2069 408 2128 ¹uero
436 2054 697 2151 cousequenter
720 2050 1012 2147 respondebimus
1041 2052 1158 2131 obser.

97 2167 227 2227 venter
251 2153 409 2245 regulum
428 2153 570 2249 pietatis
588 2150 674 2249 (*),
712 2152 746 2225 dr
767 2153 926 2231 dicentes
941 2205 953 2244 ,
970 2154 1158 2243 (quoniam

97 2270 176 2330 nou
200 2264 287 2327 tune
306 2250 556 2349 primurn-cum
573 2252 747 2335 visibilem
759 2251 861 2333 istum
874 2252 1048 2429 mundubn
1071 2252 1159 2332 fe'cit

442 2380 445 2386 ·
490 2385 493 2394 ·
597 2402 600 2409 ·
933 2390 937 2399 ¹
1046 2374 1110 2433 eus

109 2593 113 2612 .
149 2540 210 2649 (²)
236 2547 340 2623 Nubis
366 2564 468 2624 autem
483 2548 587 2650 piaret
612 2544 652 2627 θ
670 2566 748 2623 anre
771 2550 857 2621 bunc
878 2548 1030 2622 muudum
1056 2552 1157 2623 alium

45 2697 50 2708 -
93 2641 194 2743 fuiffa
212 2648 384 2733 mundum,
410 2650 448 2723 (π
459 2650 524 2753 pofl
548 2648 661 2751 isium,
685 2652 784 2723 atium
796 2648 960 2740 futurum.
1012 2650 1072 2723 Vis
1095 2651 1155 2733 dis.

97 2769 163 2817 cere
180 2747 258 2845 quod
269 2747 332 2843 posi
350 2754 579 2843 corruptionem
596 2749 692 2845 hujus
712 2749 825 2821 mundi
839 2744 1157 2839 aliusflifuiuru13

96 2844 184 2925 Audi
198 2848 523 2943 isaiambquenrems'
542 2845 624 2923 Erit
636 2848 763 2927 coelum
776 2868 915 2925 novum
934 2846 970 2919 dr
982 2858 1080 2947 terra
1091 2870 1157 2926 no.-

97 2964 170 3037 να,
197 2965 274 3041 quae
289 2968 358 3045 ego
375 2968 584 3045 permauere
596 2948 691 3027 facio
705 2949 741 3025 in
758 2943 949 3046 conspediu
963 2952 1060 3023 meo.
1096 2953 1157 3025 Vu

95 3042 176 3136 wffe
191 3048 270 3141 quod
287 3067 364 3119 unte
380 3048 536 3138 fabricam
553 3047 641 3143 r'flrus
662 3051 793 3129 mundi,
819 3047 879 3121 ulii
902 3050 1013 3115 ruendi
1029 3052 1065 3117 in
1081 3072 1157 3141 pra.

96 3149 192 3216 terito
201 3143 358 3236 fuerint?
375 3150 527 3236 Ausculta
547 3148 759 3240 Ecclefialien:
777 3144 880 3243 Quid·
892 3144 942 3221 est
956 3148 1056 3235 quod
1064 3146 1158 3230 fuit?

96 3240 322 3339 Ipstrmqubd
338 3248 416 3328 erit.
467 3245 518 3325 E't
535 3248 619 3343 quid
634 3240 1013 3339 estquodfadiumesti
1039 3245 1156 3340 ipsum

97 3342 196 3439 quod
212 3343 371 3421 futurum
391 3345 452 3426 est.
477 3392 481 3397 -
503 3342 552 3423 Et
563 3368 640 3425 non
654 3346 704 3421 est
722 3365 829 3425 omne
845 3364 987 3420 novum
1002 3342 1066 3423 sub
1081 3349 1155 3428 soio

97 3441 196 3537 quod
213 3444 381 3540 loquatur
399 3444 434 3521 &
453 3446 570 3525 dicat:
606 3468 693 3519 ecce
710 3447 783 3519 hoc
799 3464 943 3550 nouum
958 3440 1019 3519 est.
1070 3449 1157 3542 er

98 3539 195 3619 enim
214 3540 283 3619 fuit
305 3544 343 3621 in
364 3544 496 3625 saeculis
519 3544 671 3649 pristinis
697 3567 773 3645 quae
791 3544 939 3625 fuerunt
963 3556 1049 3626 ante
1076 3568 1157 3630 nou.

96 3644 190 3739 Quod
206 3643 411 3743 rudimonium
424 3670 490 3717 uon
499 3650 599 3735 dudum
608 3644 724 3741 furffe,
745 3644 942 3735 [adjuturos
956 3648 1089 3721 mundos
1106 3646 1158 3748 effe

97 3740 249 3846 reddatur,
281 3768 346 3815 uon
362 3747 441 3838 quod
457 3746 552 3839 fimui
569 3750 605 3822 Θ
616 3752 743 3842 pariter
759 3743 981 3839 ambustum,
1006 3745 1157 3835 sedulius

76 3840 155 3945 posi
166 3844 283 3929 adm
333 3844 490 3931 Hieron.
514 3846 668 3953 interut.
