2498 4254
240 212 325 289 DE.
366 212 703 311 PRINClPlIS,
753 212 952 293 mant·
1047 222 1115 341 ‘tot

59 373 346 471 restinguuntur,
372 377 423 449 ita
436 389 478 447 ut
495 379 625 473 locum⁴
639 378 795 451 vulneris
810 399 887 451 non
905 380 1115 473 inveniant,

60 476 100 548 id
119 475 188 567 est,
217 497 297 548 curn
311 475 387 566 quis
403 476 626 550 munitiffimo
640 476 674 549 δι
688 478 894 553 validiffimo
912 475 1117 552 seutolidei

58 576 169 647 fuerit
189 574 362 649 obtetlus.
415 576 526 675 Quod
542 598 634 650 vero
647 575 776 650 dittum
791 576 840 651 est
853 578 890 649 in
904 577 1052 670 epistola
1072 578 1117 651 ad

57 670 251 767 Ephesios:
279 678 368 769 Quia
382 700 448 746 uon
468 676 508 773 eft
527 678 610 751 stolis
633 674 804 747 calefiant
820 678 971 764 adversus
990 702 1117 749 caruem

58 770 316 867 &saligorum
336 775 389 861 sed
401 778 551 863 adversus
562 780 779 873 principatus,
806 774 845 851 b
855 776 1035 874 petulante,
1061 778 1118 849 ad·

57 898 119 943 ver
133 900 170 942 us
188 876 298 943 ranaldi
316 874 414 973 hujus
432 874 562 947 retines
579 878 775 949 laubrorum
798 878 937 962 harum,
964 879 1115 961 adversus
1223 894 1226 899 '

51 974 222 1069 spiritalia
244 978 389 1071 nequitia
415 981 451 1046 in
476 976 651 1070 celestibus:
676 977 726 1048 ita
749 976 939 1068 oportebit
963 976 1114 1073 intelligi
1164 994 1179 1078 ᾗ,

58 1072 158 1165 quod
175 1072 281 1164 dixit,
308 1075 410 1143 nobis:
436 1074 553 1169 idest,
573 1075 656 1171 mihi
673 1076 805 1167 Paul0‚
833 1064 1116 1167 &vobisEplie·
1158 1138 1164 1145 .

57 1170 138 1261 stis,
166 1171 199 1242 (t
218 1173 496 1265 quibuscumque
520 1173 663 1247 nonest
681 1174 888 1248 collutlatio
907 1195 986 1247 cunr
1005 1196 1113 1247 came

57 1270 94 1342 δι
114 1268 289 1365 sangnine.
340 1272 406 1344 His
423 1274 554 1346 etenim
572 1288 752 1347 certamen
769 1272 819 1345 est
835 1272 1001 1347 adversus
1019 1274 1113 1368 prin-

57 1369 196 1461 cipatus
213 1370 247 1441 bt
263 1371 478 1468 potestates,
514 1372 678 1447 adversus
692 1373 813 1446 mundi
832 1372 936 1463 hujus
954 1372 1113 1445 restores

55 1468 305 1563 tenebrarum,
331 1492 407 1543 non
424 1473 511 1545 sicut
525 1489 602 1545 erat
615 1471 986 1565 CorintlriiS‚·quibus
1001 1486 1132 1544 certa-¹

52 1588 140 1641 men
159 1566 273 1640 adbuc
289 1570 453 1643 adversus
469 1594 611 1645 carnem
628 1571 878 1667 &sanguinem
900 1584 994 1663 erat,
1021 1591 1114 1662 quos

53 1668 213 1741 tentatio
236 1690 312 1740 non
332 1672 615 1762 apprehenderat
631 1671 692 1743 nisi
707 1672 870 1745 humana.

132 1790 166 1854 5.
192 1766 231 1837 N
234 1790 274 1839 ec
297 1782 416 1840 tamen
440 1772 636 1862 putandum
659 1769 822 1861 estquod
840 1768 965 1863 finguli
983 1768 1114 1859 qusque

54 1864 223 1937 adversus
246 1868 365 1938 omnia
384 1870 458 1941 haee
481 1870 677 1942 decertent.
728 1867 941 1960 Impossibile
960 1866 1054 1938 enim
1078 1864 1115 1939 id

55 1962 127 2037 else
150 1964 303 2037 arbitror
327 1968 388 2038 ulli
405 1968 590 2041 hominum
613 1965 794 2063 (quamvis
817 1967 876 2037 ille
895 1966 937 2038 sit
955 1962 1114 2061 sanetus)

54 2078 99 2135 ut
122 2064 287 2135 altrorsus
309 2068 429 2139 omnia
444 2070 519 2141 haec
535 2068 632 2141 sunul
649 2066 751 2160 pofflt
771 2067 902 2137 habere
918 2078 1112 2141 certamen.

56 2164 170 2260 Quod
192 2164 214 2235 si
233 2166 308 2238 ullo
332 2166 443 2238 modo
464 2167 500 2238 id
521 2166 659 2239 accidat
684 2164 802 2262 (quod
825 2177 925 2236 certe
941 2161 1020 2236 fieri
1036 2178 1114 2236 non

52 2262 196 2359 potest)
213 2265 418 2357 impoffibile
436 2266 543 2338 estut
560 2266 596 2338 id
610 2263 753 2358 prorsus
764 2264 858 2337 ferre
870 2263 977 2357 poffit
992 2260 1114 2336 lruma'·

53 2384 103 2434 na
116 2378 243 2433 natura
258 2365 328 2436 line
344 2367 494 2438 maxima
507 2365 736 2439 subverfione
749 2362 817 2436 sui:
830 2362 889 2435 sed
903 2362 1012 2452 ficut,
1032 2382 1113 2433 ver-

54 2460 94 2533 bi
111 2462 241 2555 gratia,
269 2466 519 2560 quinquaginta
537 2466 642 2555 aliqui
654 2462 785 2537 milites
800 2462 825 2535 s1
844 2462 964 2533 dicant
977 2460 1037 2533 fibi
1051 2462 1113 2533 im-

54 2562 193 2655 minere
215 2579 393 2635 certamen
418 2562 584 2636 adverbis
611 2562 700 2635 alios
721 2562 1003 2655 quinquaginta,
1037 2580 1115 2632 non
1214 2572 1217 2577 '

54 2661 109 2733 ita
137 2662 404 2757 intelligend'um
436 2662 506 2755 est,
534 2662 631 2754 quod
654 2682 746 2735 unus
781 2682 826 2732 ex
851 2660 918 2731 illis
946 2657 1113 2731 adversus

56 2759 311 2855 quinquaginta
341 2761 568 2834 dimicaturus
593 2762 654 2854 nt,
684 2759 743 2832 sed
767 2756 863 2857 τεᾶς
895 2757 982 2830 dicit
1005 2778 1113 2829 unus·

56 2860 207 2949 quisque
229 2860 396 2954 illorum,
428 2863 508 2953 quia
530 2875 708 2933 certamen
731 2858 837 2930 nobis
856 2856 906 2929 est
927 2854 1113 2929 adversum

55 2958 332 3053 qninquaginta,
361 2962 526 3034 omnibus
552 2974 670 3033 tamen
687 2955 871 3029 adversum
893 2975 1035 3029 ornnes:
1061 2954 1113 3025 ita

55 3060 161 3131 etiam
178 3059 249 3129 hoc
266 3060 477 3132 audiendum
495 3058 544 3131 est
561 3058 658 3149 quod
670 3055 870 3150 Apostolus
884 3054 990 3147 dicit,
1013 3052 1112 3143 quod

53 3157 227 3229 universis
240 3160 381 3231 athletis
398 3159 612 3232 &militibus
624 3155 751 3229 Christi
766 3152 972 3226 colluttatio
988 3152 1021 3223 bt
1037 3170 1111 3223 cer,

53 3266 177 3328 tamen
203 3256 253 3329 est
275 3258 440 3332 adversus
467 3259 585 3330 omnia
604 3254 667 3329 ista
690 3276 765 3348 quae
785 3264 990 3325 enumerata
1013 3250 1108 3346 sunt:

56 3357 250 3447 omnibus,
287 3358 426 3453 fingulis
447 3370 595 3449 tamen,
629 3355 690 3427 vel
714 3375 794 3425 cum
814 3352 953 3447 singulis
984 3348 1108 3423 futtuo

55 3456 277 3549 certamine,
303 3460 364 3529 vel
381 3473 478 3529 certe
497 3468 608 3551 prout
627 3454 821 3549 probatum
835 3450 944 3525 fuerit
965 3452 1007 3522 ab
1027 3470 1109 3544 ago-

54 3555 110 3627 nis
127 3555 230 3648 ipsius
245 3557 339 3647 justo
358 3557 499 3650 praefide
515 3555 610 3629 Den.
662 3551 833 3623 Arbitror
854 3571 1006 3641 namque
1029 3550 1109 3639 quia

56 3667 156 3727 certa
172 3654 332 3728 menlina
346 3658 388 3730 sit
403 3657 562 3730 humanae
578 3665 737 3728 natura:
763 3650 824 3723 etsr
844 3648 971 3721 Paulus
989 3650 1047 3719 ille
1067 3644 1108 3717 lit

55 3754 101 3825 de
120 3776 193 3845 quo
208 3755 354 3849 dieitur,
386 3761 452 3829 Vas
467 3754 624 3827 elationis
645 3752 781 3851 estana
798 3748 877 3847 ''sil’‘
903 3762 964 3821 aut
980 3746 1106 3817 Petrus

56 3852 224 3931 adversus
252 3876 355 3949 quem
373 3871 491 3961 portae
511 3854 619 4033 hqueri
640 3872 720 3929 non
743 3842 1123 4021 ρῐωνιὶεῑιῃὶχέἓξὶκ
