2498 4254
255 142 356 257 Ao
407 84 1003 223 mauruntum·
1038 146 1122 243 ⁶59

60 304 252 406 proficite:
283 311 354 400 Qui
383 310 468 378 enim
485 307 787 402 perseveraverit
773 331 812 376 en
828 309 953 397 finem,
984 305 1038 377 hic
1060 307 1123 387 sas·

59 436 122 480 vus
148 413 222 481 erit.
273 406 378 479 Scitis
414 404 514 497 q'uod
542 405 668 478 Petrus
696 407 763 478 Ait:
800 407 1003 478 &astabitis
1028 409 1123 478 modi·

59 535 130 580 cum
153 531 262 594 nunc,
293 507 490 603 stupuerat,
528 505 749 607 contristari
736 530 773 576 en
796 512 902 577 variis
929 510 1123 577 amrariaai·

60 610 134 692 bus,
171 626 209 677 ut
238 613 384 704 prataria
408 606 517 703 unsre
537 608 613 693 fidei
637 594 738 676 masta
759 607 919 704 pretiafiar
940 629 1019 677 aura
1043 606 1124 705 quad
1163 606 1166 611 ⁴

51 713 163 808 peril,
190 706 424 804 &perignem
447 705 623 801 probatur,
655 708 850 779 invematur
873 711 911 776 in
934 707 1059 778 laniem
1082 703 1123 782 δ’

57 811 190 903 gloriam
220 806 259 883 Θ
284 811 431 877 honorem
465 809 503 875 in
526 806 723 878 revelatione
759 805 842 902 Jesu
869 807 996 904 Christi.
1051 804 1123 879 sed

59 907 241 1002 contrusam·
266 928 334 1000 pro
371 906 513 977 laborare
545 905 721 999 accipite,
760 918 803 978 ut
832 909 965 979 etiam
976 924 1033 983 ex,
1057 906 1123 978 illo
1162 992 1165 1005 1

59 1002 285 1087 manifestum
322 1002 394 1078 est:
408 1054 415 1066 A
431 1008 472 1078 Ia
491 1005 597 1075 'dolare
627 1008 731 1099 parier
746 1006 849 1097 filias.
899 1004 991 1078 Non
1026 1006 1124 1079 enim

62 1109 215 1179 omnino
240 1102 388 1178 intristi
420 1104 559 1177 doloris
590 1099 719 1176 affeeu
753 1106 848 1199 parit
876 1104 1029 1197 mulier,
1063 1101 1124 1176 sed

59 1206 100 1279 in
124 1206 262 1280 labore.
314 1203 447 1293 ils-lite,
472 1205 627 1298 inqttit,'
648 1205 778 1297 diligere
809 1206 984 1288 mundum,
1023 1228 1125 1300 neque

60 1330 97 1376 ea
124 1328 190 1401 qua
215 1330 252 1375 m
278 1302 391 1374 maara
415 1305 504 1392 sunt.
555 1306 692 1400 Siquis
722 1305 827 1396 diligit
848 1305 1024 1393 mundum,
1056 1327 1123 1374 narr

64 1406 103 1501 est
138 1407 279 1475 charitas
304 1408 410 1502 patris
448 1408 486 1475 in
508 1427 561 1474 eo:
597 1408 746 1502 quoniam
780 1428 868 1475 omne
905 1406 988 1503 quod
1021 1404 1059 1502 est
1086 1396 1124 1474 in

61 1505 200 1581 munda
227 1503 467 1600 aaruupiscentia
490 1508 599 1591 carnis
624 1503 729 1602 esi&
755 1504 1000 1600 emcupiseentia
1025 1505 1131 1589 ocrim

60 1626 134 1678 rum
159 1604 197 1680 ss
224 1605 373 1701 superbia
402 1608 501 1692 vite,
537 1626 604 1702 qua
632 1626 698 1675 non
723 1602 763 1700 ιβ
788 1629 829 1675 ex
861 1606 975 1691 Patre,
1005 1605 1061 1695 sed
1085 1629 1124 1675 ex

59 1705 177 1776 munda
202 1705 252 1801 eft
302 1705 352 1775 Et
375 1707 510 1774 mundus
541 1703 681 1801 tranfit,
713 1703 753 1780 U
777 1727 869 1773 cancre
867 1704 1018 1798 pifiereria
1042 1708 1123 1801 ejus.

60 1803 193 1878 Nolite
217 1804 324 1898 igitur
351 1823 393 1874 ea
417 1802 563 1897 diligere
599 1822 677 1894 quae
702 1722 895 1888 tanseunt-p,
927 1801 988 1876 sed
1013 1802 1124 1884 facite

59 1902 293 1974 voluntatem
316 1900 414 1994 Dei,
438 1914 480 1973 ut
501 1900 597 1997 digni
623 1901 696 1975 fitis
721 1921 832 1977 unum
857 1898 935 1974 lieri
962 1922 1044 1976 cum
1068 1899 1126 1976 Fi·
1156 1924 1163 1931 ·

60 2000 114 2075 lio
141 2000 174 2072 δι
200 1999 303 2073 Patre
332 1999 523 2092 &Spiritu
548 1998 667 2074 sanilo
695 2000 798 2094 juxta
822 1982 1019 2074 silvatoris
1044 2022 1127 2096 pre·

60 2120 141 2173 cem
168 2098 338 2172 dicentis.
362 2101 456 2170 Sicut
480 2122 529 2193 ega
552 2098 592 2176 6
618 2115 657 2170 tu
678 2124 777 2171 unum
796 2099 924 2190 sumar,
951 2118 990 2171 ut
1014 2100 1094 2177 (ι’
1078 2098 1153 2197 ra'

53 2201 145 2300 flia
176 2198 266 2269 arsis
292 2223 392 2270 unum
416 2199 498 2295 fiat.
550 2202 657 2299 Quot
690 2219 802 2274 vero
819 2200 895 2274 dies
930 2201 1127 2273 lucrabitur
1203 2216 1206 2221 ·

61 2303 92 2374 is
119 2300 178 2389 qui
199 2297 364 2371 dilexerit
388 2298 560 2383 mundum
586 2299 620 2372 dc
646 2318 690 2372 ea
715 2320 793 2390 quae
818 2300 856 2372 in
881 2299 1018 2373 mundo
1045 2301 1126 2372 sunt
1204 2313 1209 2319 ·

61 2399 287 2488 animamque
319 2400 503 2493 propriam
539 2398 672 2472 damno
704 2396 929 2472 affecerit&
960 2398 1124 2512 perdide
1171 2420 1178 2430 ’

60 2500 128 2591 rit,
154 2495 484 2614 conscientiamque
509 2499 770 2572 circumtulerit
788 2499 991 2595 negationis
1018 2497 1125 2571 scele

60 2617 102 2670 re
137 2596 236 2686 quod
272 2599 405 2684 quovis
439 2616 553 2670 onere
583 2600 726 2693 gravius
768 2596 848 2688 est,
887 2595 1125 2689 oppressam?

61 2696 336 2768 Meminerimus
361 2695 485 2791 finguli
506 2698 650 2786 quoties
676 2708 796 2769 morte
815 2696 951 2788 vulgari
977 2697 1126 2767 interire

61 2794 254 2889 periclitati
287 2791 423 2881 fimus;
463 2795 736 2890 cogitemusque
773 2814 859 2867 num
891 2792 990 2866 sorte
1018 2793 1044 2866 s
1048 2814 1127 2868 mus

62 2894 149 2966 ideo
182 2890 310 2964 servati
340 2905 382 2964 ut
412 2893 564 2986 proprio
601 2894 767 2988 sanguine
802 2895 912 2966 abluti
959 2894 992 2964 δι
1025 2894 1127 2966 omni

62 3004 221 3087 peccato
253 2991 413 3064 mundati
445 2992 539 3085 Apud
566 2989 707 3064 caeleste
740 2993 852 3066 altare
882 3012 965 3066 cum
995 2990 1039 3066 iis
1065 2993 1127 3113 qui

62 3090 221 3167 similiter
245 3092 491 3187 certaverint,
513 3088 784 3169 conversemur
1157 3103 1159 3106 ’

138 3311 198 3380 40
225 3286 338 3385 Quod
375 3285 402 3361 ii
438 3288 516 3380 quis
554 3308 686 3384 magno
725 3289 811 3362 vitu
850 3307 975 3362 amore
1010 3285 1155 3382 nuos,

63 3403 127 3466 aut
151 3391 315 3462 laborum
340 3386 588 3480 imponerem,
623 3400 685 3460 aut
710 3385 933 3461 sermonibus
951 3391 1017 3505 ‘qui
1043 3403 1127 3484 epte

63 3491 108 3564 ad
133 3485 416 3580 persuadendum
444 3486 636 3560 videantur
666 3488 746 3562 ab
735 3490 778 3559 ris
804 3487 873 3561 dici
899 3488 970 3578 qui
986 3508 1056 3561 nos
1083 3488 1128 3562 ad

62 3590 246 3664 deteriora
279 3599 459 3659 conantur
484 3587 681 3676 inducere,
695 3600 827 3659 unum
853 3585 996 3679 Deum,
1035 3587 1128 3675 eius.-

63 3709 135 3779 quc
177 3684 353 3759 Christum
386 3690 601 3782 negaverit,
641 3684 821 3760 consessus
862 3699 981 3759 utitem
1017 3676 1128 3766 suerii

60 3789 242 3911 demonia
267 3796 329 3858 aut
352 3781 540 3881 formos,
565 3783 664 3958 {cito
688 3786 813 3891 illum,
845 3787 907 3878 qui
933 3798 1035 3879 parat
1058 3786 1126 3861 de-

616 3899 677 3958 te
806 3896 811 3907 “
975 3884 1120 3956 mom

10 4136 137 4198 euim-e.
