2498 4254
243 123 396 223 AD
437 133 1016 216 MARTYRIUM
1093 103 1189 234 όιι,

103 295 203 395 Quid
216 308 335 371 autern
350 306 443 390 opus
459 296 510 371 est
524 299 644 373 dicere
660 300 777 391 qualia
792 288 1037 391 sustinuerint,
1062 296 1169 377 sarta·

68 401 242 493 ginibus
260 397 293 484 δι
310 399 393 470 ollis
409 400 517 471 aeneis
531 399 659 489 quibus
676 401 941 489 cruciarentur,
966 398 1168 496 succensrs,
1164 436 1171 443 ·

68 516 185 569 rcum
203 499 300 569 varia
310 499 382 588 jam
403 497 527 592 singuli
546 511 728 571 tormenta
750 494 1016 575 sustinuissent?
1023 451 1168 596 Quem

68 628 73 677 ,ι
102 598 199 669 enim
226 598 376 687 primum
401 598 592 681 nominat,
628 599 662 670 ei
684 599 863 690 principio
891 608 1074 688 amputata
1099 599 1165 671 lin·

68 730 70 761 ι
99 713 169 789 gua
191 692 261 785 est,
286 695 417 769 deinde
442 697 534 766 cutis
556 698 683 788 capitis
707 693 891 768 abstracta.
918 716 1022 786 quam
1044 695 1165 785 decal-

99 793 288 865 vationem
309 793 355 866 src
377 796 437 866 ille
456 796 559 886 tulit,
585 809 627 867 ut
649 796 707 866 alii
726 795 847 868 divina
868 797 947 889 lege
959 792 1083 887 juliam
1097 795 1164 868 cir·

97 891 372 966 cumcisronem.
392 895 435 967 in
456 895 529 967 hoc
546 895 653 968 etiam
668 894 703 968 se
720 894 871 967 credens
887 893 1000 966 divini
1016 893 1161 968 foederis

98 991 253 1064 verbum
281 993 442 1085 implere.
501 992 567 1066 His
599 1013 676 1066 non
706 1005 904 1066 contentus
928 988 1163 1087 Antiochus,

96 1086 248 1164 summas
270 1112 416 1183 quoque
447 1113 572 1165 manus
594 1090 761 1186 &pedes
786 1115 818 1165 er
810 1090 1022 1184 praescindi
1040 1090 1161 1186 Juffit,

97 1192 236 1263 caeteris
263 1211 338 1281 eJus
365 1189 530 1263 fratribus
556 1191 589 1263 δι
618 1206 731 1265 matre
761 1191 1050 1286 inspicientibus,
1086 1193 1161 1265 hoc

96 1285 238 1379 aspesiu
261 1291 414 1382 puniens
441 1290 568 1363 fratres
599 1290 632 1362 δι
659 1304 828 1378 matrem,
856 1311 897 1362 ac
925 1304 1055 1383 putans
1079 1288 1160 1364 sea

94 1389 286 1480 proposito
303 1411 366 1480 per
385 1390 460 1462 haec
477 1410 553 1504 quae
574 1386 771 1462 creduntur
793 1390 885 1462 adeo
901 1390 1091 1479 terribilia,
1118 1389 1164 1499 ¹¹⁶.

94 1486 154 1558 los
177 1502 378 1561 amoturum
443 1487 537 1560 Sic
527 1490 634 1584 igitur
656 1485 863 1561 Antiochus
886 1488 941 1560 his
970 1508 1046 1560 non
1070 1474 1164 1560 con-¹

92 1595 236 1665 tentus
263 1589 387 1660 illurn
373 1610 446 1679 Jam
465 1589 628 1662 inutilem
643 1601 814 1677 quantum
829 1587 874 1660 ad
894 1589 1059 1679 corporis
1071 1585 1161 1659 stru·

94 1681 226 1759 ituram
237 1707 312 1802 ‘per
336 1709 379 1758 ea
401 1708 480 1778 quae
501 1689 597 1779 prius
622 1686 737 1780 pasius
763 1699 862 1779 erat,
888 1683 1017 1758 fastum
1029 1683 1159 1777 ‚jussa

90 1783 167 1876 igni
186 1787 248 1899 qui
267 1788 305 1858 in
333 1784 562 1880 sartaginibus
592 1785 625 1859 dc
652 1789 733 1858 ollis
758 1803 857 1877 erat,
882 1783 1074 1877 spirantem
1098 1783 1159 1857 ad·

92 1887 263 1971 moveri,
297 1883 493 1964 &torreri
544 1881 599 1956 Ut
622 1884 729 1958 nidor
749 1883 962 1967 exhalabat,
997 1902 1078 1956 curn
1110 1883 1157 1958 ab
1189 1925 1192 1944 ι

91 1978 238 2061 immani
260 1997 417 2073 tyranno
437 1983 687 2078 generosrffimi
705 1985 890 2099 religionis
914 1982 1060 2055 athleta
1080 2001 1158 2055 ιιι·

80 2098 160 2153 'nes
182 2080 397 2170 effarentur,
420 2089 523 2154 ιιιιιὶ
548 2109 615 2155 una
638 2109 706 2153 cum
723 2105 771 2152 m
776 2099 825 2154 tre
838 2086 978 2152 invicem
991 2085 1026 2171 se
1043 2085 1157 2177 harra-

92 2179 214 2263 bantur
243 2186 323 2250 mari
350 2181 488 2273 fortiter
506 2181 647 2297 hacque
673 2180 710 2257 se
736 2183 961 2279 cogitatione
992 2179 1157 2254 solaban-

89 2291 152 2354 tur
173 2278 292 2355 Deum
309 2280 387 2359 haec
411 2281 557 2355 videre.
584 2283 637 2354 eis
659 2284 755 2355 enirn
776 2280 820 2353 ad
845 2281 1053 2375 patientiam
1071 2277 1154 2353 satis

90 2394 170 2453 erat
191 2379 267 2453 haec
293 2380 470 2473 persuasio
497 2382 659 2477 divinum
685 2380 906 2475 patientibus
931 2376 1048 2451 adesse
1066 2397 1157 2450 ocu·

86 2479 176 2558 lum
225 2475 370 2553 Etsane
388 2479 597 2554 consolatur
613 2501 680 2554 eos
702 2477 828 2575 preses
852 2477 1067 2552 certantium
1081 2496 1153 2572 pro

86 2581 188 2672 pieta
190 2589 259 2672 te,
190 2580 355 2651 tdum
374 2577 447 2674 ipse
472 2578 761 2657 consolationem
784 2580 934 2674 accipit,
962 2576 1016 2669 δι,
1041 2591 1083 2648 ut
1100 2577 1155 2649 ita

87 2675 226 2767 dicam,
253 2677 385 2772 gaudet
396 2678 499 2770 super
513 2679 567 2751 his
586 2681 646 2768 qui
663 2693 787 2751 tantos
809 2679 954 2751 labores
968 2675 1156 2791 superant.

88 2773 349 2868 Opportunum
368 2789 489 2849 autem
506 2779 575 2848 erit
592 2775 628 2848 δι
648 2796 745 2868 nos,
769 2796 850 2848 cum
869 2777 999 2848 eodem
1018 2774 1157 2883 erimus}

84 2873 200 2958 loco,
226 2875 376 2949 rllorurrr
389 2872 573 2947 sermones
597 2874 659 2946 ad
667 2872 910 2968 nosmetipsos
933 2865 1055 2946 dicere
1087 2868 1152 2963 qui

87 2972 137 3050 sic
161 2973 318 3046 habent:
346 2977 510 3051 Dominus
535 2979 625 3047 Deus
644 2978 779 3073 aspicit,
803 2972 843 3051 (ι
867 2971 1061 3055 veritatibus
1078 2972 1150 3060 fuir

87 3072 294 3179 consolatur
283 3097 319 3143 ιιι
336 3074 438 3169 uobis.

164 3193 219 3258 aa.
247 3160 355 3246 Cum
361 3176 496 3267 primus
520 3171 596 3246 hoc
615 3169 731 3246 modo
751 3172 929 3266 probatus
946 3163 1045 3245 auec
1071 3185 1148 3241 ran

86 3295 180 3370 quam
205 3296 320 3343 aurum
342 3275 380 3343 iu
397 3272 550 3367 fornace,
582 3270 757 3345 secundus
784 3270 986 3341 deducebatur
1012 3270 1054 3341 ad
1074 3270 1148 3340 idu-

86 3373 240 3462 deudum,
267 3369 305 3446 (5
323 3389 394 3445 cute
420 3377 485 3470 ejus
506 3395 576 3441 cum
597 3373 715 3467 cupidis
731 3356 886 3486 abstrusio
903 3368 947 3443 ad
967 3369 1147 3462 poeniten·

68 3472 172 3565 ,tiam
187 3471 371 3544 vocabant
389 3472 585 3565 tyrannice
603 3468 827 3545 crudelitatis
844 3467 1019 3545 ministri
1004 3488 1146 3540 anterra-

81 3586 194 3663 gantas
204 3571 235 3663 fi
253 3574 454 3644 manducaret
467 3571 646 3665 idolothyta
655 3575 840 3667 priusquam
861 3584 927 3638 tato
946 3591 1068 3664 corpore
1085 3589 1167 3683 ιιι·

84 3671 219 3739 membra
228 3670 356 3764 singula
373 3678 555 3768 puniretur.
607 3667 663 3742 Ut
684 3682 803 3745 autem
822 3668 1003 3765 poenitere
1019 3666 1053 3740 se
1080 3676 1146 3745 ne'·

82 3769 206 3870 gavit,
229 3772 270 3843 ad
287 3773 471 3874 sequeutia
472 3768 583 3847 dusius
536 3768 811 3947 {ituraeam
834 3766 1013 3849 incensum
1028 3785 1145 3945 usgue

651 3887 670 3945 r
693 3893 734 3965 4
1050 3885 1071 3940 a

254 3976 336 4039 a..
