2498 4254
320 230 918 315 nuonnrroun
1069 258 1144 335 n,

94 394 1129 455 cammaro

225 547 528 625 ORIGENIS
554 548 633 624 DE
658 540 1003 626 ORATIONE.

89 720 123 777 r.
248 696 335 791 Uae,
362 700 460 793 quod
477 703 627 774 maxima
640 699 707 773 fint
721 702 755 774 δι
771 698 1069 794 supranomiuem
1079 718 1146 792 po·

139 704 246 937 Q
298 800 360 873 sita
377 802 562 895 longoque
575 802 772 887 ‘intervallo
791 801 960 872 caducam
980 811 1143 871 naturam

250 898 405 972 nostram
423 890 611 991 superentss
637 900 859 993 impoffibilia
880 895 1144 990 comprehensu

85 1003 253 1076 rationali
269 998 458 1072 &mortali
473 999 594 1094 generi
610 997 708 1071 sunt:
735 1022 777 1072 ea
795 1002 906 1072 muita
923 997 956 1070 u
976 994 1145 1070 immensa

85 1103 199 1198 gratia
213 1099 285 1172 Dei
305 1119 382 1190 quae
401 1098 438 1169 in
452 1098 652 1170 hominene
671 1098 757 1172 Deo
778 1092 973 1172 effunditur
989 1117 1053 1188 per
1068 1092 1148 1169 infi·
1180 1174 1184 1181 .

85 1202 225 1276 nitaein
254 1218 322 1270 nos
346 1198 464 1289 gratiae
492 1196 687 1270 ministrum
713 1197 828 1290 Jesum
856 1195 1084 1269 Christum&
1112 1192 1148 1267 ei

88 1310 352 1393 cooperantem
373 1292 551 1389 spiritum,
577 1293 670 1369 fiunt
691 1296 762 1370 Dei
789 1299 980 1370 voluntate
1005 1295 1148 1389 posibi-

87 1398 147 1474 lia.
174 1395 264 1470 Cum
277 1397 383 1493 igitur
400 1394 609 1488 impossibile
624 1395 668 1469 srt
686 1396 847 1472 humanae
863 1409 997 1469 naturae
1013 1392 1148 1489 sapien·

86 1498 176 1570 tiam
197 1497 380 1588 acquirere
403 1497 608 1585 quaomnia
628 1496 870 1570 conditasunt
888 1494 1026 1590 (Omnia
1050 1495 1147 1569 enim

83 1597 187 1690 juxta
205 1594 383 1667 Davidem
402 1599 440 1664 in
453 1594 611 1689 sapientia
629 1595 717 1667 fecit
737 1593 860 1694 Deus)
874 1596 911 1667 id
930 1593 1090 1690 pofflbile
1104 1589 1149 1664 fit

87 1715 136 1768 ex
153 1691 353 1787 impoffibiIi
371 1715 435 1786 per
451 1693 651 1768 Dominum
663 1693 824 1769 nostrum
838 1695 955 1792 Jesum
971 1692 1149 1765 Christum

88 1799 144 1893 qui
166 1791 278 1887 juiius
302 1794 341 1888 ιβ
365 1792 455 1864 nobis
474 1792 633 1890 sapientia
659 1820 680 1865 a
709 1801 774 1866 Deo
791 1792 829 1870 (5
849 1793 979 1894 juflitia
1005 1790 1043 1870 D
1069 1793 1149 1882 son·

88 1892 240 1983 &nicetio
258 1892 297 1970 (⁴5
322 1895 478 1966 redemtio.
529 1897 618 1987 ,Quis
639 1899 722 1963 enim
745 1895 908 1965 hominum
928 1899 1046 1990 poterit
1067 1892 1150 1980 scire

90 2018 148 2064 con
160 1995 249 2065 alium
274 1988 367 2065 Dei?
390 1996 461 2066 Aut
477 1996 549 2091 quis
563 1999 683 2092 poterit
696 2001 828 2088 cogitare
843 1997 918 2093 quid
932 1997 1017 2065 uelit
1033 1987 1150 2065 Deus?

92 2097 307 2187 Cogitationes
319 2098 402 2165 enim
420 2093 601 2166 mortalium
620 2097 736 2167 timida
751 2095 789 2171 ὅ
805 2101 930 2169 incerta
941 2095 1152 2190 providentie
1222 2156 1225 2161 .

75 2194 207 2293 ”stm-
257 2197 380 2291 Corpus
412 2200 499 2266 enim
529 2196 609 2290 quod
639 2200 868 2292 corrumpitur,
899 2211 1055 2289 aggravat
1078 2198 1152 2264 ani·

87 2318 200 2386 mam,
225 2290 265 2371 (7
285 2310 413 2367 terrena
437 2295 633 2366 inhabitatio
654 2296 804 2392 deprimit
816 2297 943 2385 sensum
963 2297 1152 2389 muitacogi·

89 2410 224 2468 tantem.
276 2395 323 2466 Et
340 2394 466 2484 difficile
485 2396 668 2493 estimantur
684 2420 752 2494 qua
770 2401 809 2467 in
831 2413 917 2469 terra
926 2397 1019 2486 sum.
1070 2399 1151 2488 Qua

88 2511 196 2568 autem
214 2499 252 2565 in
267 2496 348 2564 calis
355 2498 435 2584 frent
450 2502 520 2589 quis
535 2491 765 2593 invefligevit?
790 2497 882 2593 Quis
895 2509 1005 2594 neget
1020 2491 1152 2586 impos·

89 2593 191 2670 sibile
210 2593 348 2666 homini
363 2593 433 2667 eiie
451 2596 662 2691 investigare
683 2616 762 2687 quae
784 2593 917 2670 suntin
938 2593 1059 2668 calisi
1083 2586 1160 2667 Im·'

88 2691 253 2788 poffibiie
273 2705 392 2768 tamen
407 2693 498 2767 istud
513 2692 681 2770 immensa
698 2694 771 2769 Dei
786 2696 896 2790 gratia
914 2694 1075 2789 poffibiie
1088 2690 1151 2767 fit:

90 2793 155 2882 qui
182 2792 276 2865 enim
296 2792 339 2864 ad
355 2794 500 2866 tertium
517 2794 647 2869 'coelum
664 2807 787 2885 raptus
811 2792 882 2886 est,
907 2796 937 2867 ia
954 2793 1052 2866 forte
1071 2810 1152 2884 qum

88 2891 131 2964 in
146 2890 258 2963 tribus
279 2894 377 2964 coelis
397 2890 531 2988 effent,
555 2891 801 2987 investigavit,
827 2914 909 2967 cum
932 2890 1078 2965 audisset
1098 2916 1152 2963 ar-

91 3014 172 3060 cuna
188 2991 284 3062 verba
302 3016 370 3089 qua
385 2994 576 3069 conticetur
591 2994 821 3087 hominiloqui.
849 2994 941 3088 Quis
958 2992 1054 3064 dicat
1073 2990 1152 3082 pos·

89 3086 129 3163 se
144 3089 328 3165 hominem
348 3092 568 3187 cognoscere
584 3091 720 3167 senium
737 3090 918 3167 Domini?
943 3090 1013 3163 Sed
1031 3091 1152 3165 &hoe

89 3185 196 3262 Deua
208 3210 273 3283 per
287 3187 463 3265 Christum
479 3194 624 3285 largitur
636 3249 647 3269 .
659 3247 668 3269 .
680 3248 690 3269 .
701 3193 912 3267 ,voluntate
923 3191 1072 3263 Domini
1088 3190 1150 3269 sui.

89 3285 184 3363 Non
205 3287 312 3361 etiam
335 3311 416 3364 cum
440 3312 504 3363 eor
525 3293 635 3363 docet
658 3293 885 3364 voluntatem
904 3293 979 3382 ejus
996 3292 1054 3379 qui
1071 3291 1152 3363 Do·

90 3389 211 3462 minua
232 3384 303 3461 eise
320 3390 431 3483 velit,
456 3389 517 3464 sed
542 3393 602 3482 qui
627 3391 662 3464 se
687 3394 724 3464 in
749 3392 900 3463 amicum
927 3392 1154 3466 converterit

93 3506 222 3559 eorum
239 3506 392 3578 quorum
417 3503 501 3562 ante
521 3490 703 3565 Dominus
723 3503 810 3564 erat.
862 3490 1088 3585 Quinetiam
1111 3505 1152 3563 ut

94 3605 208 3657 nemo
221 3587 385 3659 huminum
394 3589 539 3687 scitque
555 3592 634 3674 sunt
647 3592 806 3676 hominis,
833 3591 897 3682 tufi.
903 3592 1037 3687 spiritus
1054 3593 1153 3660 homi·

93 3690 149 3755 ttr'r
164 3689 219 3780 qui
240 3689 351 3784 inipso
367 3689 423 3786 esi:
443 3695 492 3761 ita
506 3691 545 3768 (ὅ
560 3715 626 3787 qua
641 3693 707 3761 Dei
714 3691 814 3778 sunt,
838 3714 927 3761 tremo
941 3698 1087 3783 cognovit
1098 3692 1152 3761 υἱὲ

85 3783 119 3883 ft
135 3784 270 3885 spiritus
284 3792 359 3860 Dei.
413 3792 525 3886 Quod
541 3790 565 3863 sr
580 3810 691 3864 nemo
704 3790 883 3884 cognovit
897 3790 1056 3881 quaeDei
1071 3790 1153 3863 sunt
1171 3850 1174 3855 .

92 3882 158 3960 nisi
174 3881 315 3979 spiritua
328 3888 416 3986 Dei,
440 3886 720 4072 impoiiigiieest
730 3888 931 3969 nomnen
941 3884 1180 3981 cognomen

623 4012 644 4067 c
673 4012 693 4089 5
1066 3996 1158 4067 W
