2498 4254
104 149 156 253 9⁶
319 145 322 152 ·
429 138 855 221 orrorurs·

104 311 141 392 se
153 308 325 405 reparari:
352 306 411 382 sed
426 304 727 381 immutationibus
742 326 819 379 non
834 306 985 383 minimis
999 308 1155 389 diversor

103 411 204 512 polle
225 410 376 483 mundos
396 406 562 497 existere,
588 406 694 477 itaut
716 426 784 499 pro
805 408 996 483 manifestis
1017 414 1154 504 quibus·

105 535 175 606 oue
187 509 296 583 ectasis
310 510 436 583 melior
449 504 556 578 status
571 503 770 593 fitalterius
784 507 927 600 mundi,
954 510 1067 604 &pro
1084 511 1160 586 aliie

103 612 280 696 inferior,
323 608 446 701 &pro
472 604 545 675 aliis
570 605 705 676 medius
732 606 875 698 quidem
908 607 1031 685 status.
1084 610 1152 713 Qui

103 726 224 786 autem
239 729 404 783 numerus
424 705 481 777 vel
495 704 623 775 modus
640 703 773 797 hicsrt,
801 728 870 803 ego
883 729 939 780 me
954 707 1092 783 nescire
1107 708 1151 787 fa·

102 829 196 885 teor.
261 805 402 899 siquis
435 821 554 877 autem
588 801 707 899 pollet
739 803 955 902 ostendere,
988 806 1160 885 libentius?

102 910 281 989 dil'cercm.

176 1034 209 1101 ς.
235 1011 488 1080 Verumtamen
517 1003 713 1078 multorum
736 1000 945 1079 seculorum
968 1002 1050 1080 finis
1075 1006 1152 1085 dici·

101 1126 161 1184 tur
197 1106 264 1183 elle
299 1104 356 1177 hic
390 1102 541 1176 mundus
577 1105 637 1195 qui
671 1102 802 1197 &ipse
826 1101 990 1179 saeculum
1015 1107 1148 1188 dicitttt

97 1210 224 1287 Docet
241 1217 358 1277 autem
373 1202 507 1277 santius
531 1200 729 1298 Apostolus
749 1202 847 1295 quod
867 1202 897 1276 C
923 1204 1025 1279 ristus
1048 1208 1086 1281 in
1106 1228 1148 1282 eo

99 1308 226 1385 sacillo
248 1301 346 1397 quod
372 1315 455 1375 ante
483 1303 556 1376 hoc
577 1302 668 1394 suit,
699 1324 776 1375 non
796 1302 846 1376 est
864 1323 909 1395 pa
936 1326 998 1395 us,
1031 1305 1149 1383 sedne

96 1412 134 1485 in
167 1406 229 1477 illo
262 1401 403 1493 quidem
428 1401 526 1493 quod
551 1417 633 1475 ante
658 1400 769 1494 ipsum
795 1402 884 1475 fuit:
925 1402 959 1475 δι
983 1404 1149 1483 nesciola

95 1522 303 1581 enumerare
326 1498 491 1574 sufficiam
516 1515 647 1594 quanta
666 1501 800 1573 fuerint
825 1503 1007 1577 anteriora
1031 1503 1149 1582 saecula

93 1602 273 1695 inquibus
293 1598 405 1695 passus
424 1621 501 1673 non
524 1601 584 1675 est.
635 1598 692 1672 Ex
708 1602 835 1693 quibus
851 1615 970 1677 autem
986 1601 1149 1679 sermoni·

93 1708 160 1780 bus
178 1702 275 1774 Pauli
295 1699 337 1773 ad
356 1700 581 1775 occasionem
595 1700 699 1795 hujus
718 1700 961 1797 intelligentiae
975 1708 1146 1803 venerim,

91 1802 296 1901 proferam
325 1802 374 1874 ait
389 1802 504 1876 enim:
530 1805 632 1875 Nunc
649 1826 723 1873 vero
731 1802 826 1889 semel
840 1808 877 1872 in
893 1802 1149 1892 consummatione

84 1905 264 2001 seculorum
282 1903 322 1973 ad
338 1902 536 1995 refellendum
545 1916 702 1999 peccatum
717 1921 774 1999 per
793 1903 891 1995 hofiia
901 1903 957 1991 fici
970 1906 1148 2006 manifefla.

91 2024 146 2079 ras
161 2004 201 2092 eli
261 2000 378 2076 Semel
395 2002 488 2075 enim
507 2002 556 2074 ait
571 2000 722 2075 hostiam
747 1998 932 2089 effectum,
960 2004 1045 2077 &in
1067 2025 1148 2080 con·

90 2102 324 2180 summatione
344 2100 552 2175 saeculorum
569 2099 611 2172 ad
628 2100 864 2174 refellendum
877 2116 1067 2195 peccatum
1082 2105 1147 2181 elle
1175 2143 1181 2188 a

87 2200 358 2281 manifestatum.
411 2199 524 2297 Quod
543 2212 660 2271 autem
678 2197 760 2291 post
779 2200 852 2272 hoc
867 2200 1030 2277 saecralum
1052 2203 1150 2297 quod

90 2304 133 2378 ad
161 2296 500 2373 consummationem
526 2297 677 2370 aliorum
712 2295 921 2374 saeculorum
946 2302 1077 2375 dicitur
1101 2289 1174 2379 fa·'

88 2401 205 2487 dium,
230 2410 336 2471 erunt
352 2395 418 2467 alia
435 2394 558 2468 saecula
572 2393 882 2493 supervenientia,
907 2402 1091 2479 manifeste
1105 2404 1147 2479 ab

86 2500 164 2600 ipso
186 2498 297 2571 Paulo
322 2494 506 2568 didicimus
530 2494 693 2569 dicente:
728 2502 774 2570 Ut
794 2501 962 2597 ostenderet
978 2508 1016 2572 in
1027 2505 1148 2595 saeculir

83 2596 376 2698 supervenientibus
383 2594 678 2689 superabundantes
698 2599 832 2670 divitias
843 2612 952 2693 gratia
959 2604 1028 2691 suc
1044 2614 1082 2675 ira
1100 2606 1148 2677 bo·

86 2708 196 2775 nitate
203 2699 299 2793 fieper
314 2720 379 2765 ms.
420 2692 514 2783 Non¹
529 2694 635 2771 dixit:
660 2681 839 2771 insecuto
855 2697 1146 2801 superveniente,

86 2820 204 2894 noque
219 2795 256 2869 in
279 2792 419 2868 duobus
443 2791 574 2868 saeculis
599 2794 954 2891 supervenientibus:
979 2803 1078 2877 unde
1096 2824 1147 2879 ar·

84 2903 202 2981 bitror
223 2896 335 2970 multa
356 2890 481 2968 saectrla
506 2894 640 2968 indicio
657 2894 829 2972 sermonis
846 2899 938 2973 illius
961 2901 1157 2981 declarari·

84 3002 121 3081 Si
141 3017 233 3073 vero
256 2993 386 3086 aliquid
404 2991 455 3066 est
480 2992 612 3069 saeculis
637 2997 773 3091 maius,
799 2996 903 3071 ita&
919 3000 955 3073 in
973 3004 1146 3092 creattuir

85 3097 242 3198 quadam
256 3091 380 3168 saecula
396 3092 663 3191 intelligantur,
689 3098 726 3170 in
743 3098 817 3170 aliis
831 3119 925 3172 vero
944 3121 1022 3192 quae
1038 3095 1158 3179 exce?

84 3204 174 3279 dunt
195 3192 551 3289 &supergrediuntur
569 3196 722 3270 visibiles
740 3211 918 3271 creaturas
937 3197 1059 3296 (quod
1075 3204 1147 3281 erit

82 3303 182 3383 forte
216 3297 253 3369 in
286 3292 514 3369 restitutione
550 3295 729 3390 omnium,
767 3298 918 3371 cunrad
948 3298 1147 3392 perlectum

81 3401 190 3482 fiuent
205 3391 371 3469 universa
382 3392 620 3492 pervenient)
631 3395 668 3468 id
680 3395 824 3470 fortasse
837 3398 916 3490 plus
930 3400 1061 3493 aliquid
1074 3402 1157 3479 effe·

82 3522 186 3599 qutun
201 3494 363 3571 seculum
378 3494 647 3591 intelligendum
662 3493 732 3591 est,
758 3497 795 3569 in
809 3518 882 3589 quo
898 3500 968 3572 erit
980 3502 1145 3580 omnium

80 3596 350 3679 consummatio.
407 3594 545 3669 Movet
574 3618 632 3670 me
657 3610 777 3670 autem
800 3597 838 3669 in
863 3602 936 3672 hoc
961 3598 1144 3695 scriptura

79 3698 203 3782 sanda
217 3694 407 3773 auctoritas
427 3715 504 3788 quae
523 3696 630 3771 dicit:
657 3701 698 3770 in
706 3699 871 3788 secutum,
896 3700 1048 3778 &adhuc
1089 3700 1142 3776 Et

78 3803 179 3882 adduc
194 3798 287 3879 enim
307 3796 407 3897 quod
421 3796 535 3895 dicit,
559 3796 641 3895 plus
663 3794 794 3894 aliquid
808 3796 882 3879 fine
900 3802 1012 3978 dubi?
1032 3823 1142 3895 quam

144 3919 148 3929 ’
996 3923 1089 3981 aecu·

18 4081 119 4142 μ’*-
