2498 4254
165 89 192 146 s
311 188 910 309 nnonurrouu.
1068 196 1142 287 ser

85 354 136 430 sui
152 353 300 445 similes,
325 373 402 425 non
424 353 484 426 diu
498 354 709 449 angelorum
733 351 864 449 effugit·
876 348 1147 446 providentiam

87 476 156 545 qua
179 454 308 525 divinae
336 455 518 525 voluntati
542 453 699 527 ecclesia
728 452 929 548 invigilanti
951 449 1150 527 ministran-

86 568 165 645 tes,
190 555 228 623 in
245 572 473 627 communem
494 550 649 625 efferent
665 553 843 627 notitiam.
895 550 947 624 At
963 552 988 625 s1
1004 551 1151 643 plurimi

87 651 264 745 ejusmodi
283 654 528 725 convenerint
542 673 645 725 more
670 651 903 725 humanarum
920 650 1150 742 societatum,

46 766 49 771 ’
88 752 470 846 corporeisqueanagis
492 750 537 823 de
553 752 661 824 rebus
679 749 870 824 traiiantes
889 761 1045 842 coeant,
1071 771 1151 823 non

88 849 321 942 respicientur
343 850 477 924 aDeo.
529 850 642 945 Quod
656 853 693 925 in
709 849 799 925 Isaia
810 850 1009 924 declaratur
1027 848 1152 944 dicen·

60 965 67 973 ·“
90 964 127 1021 te
142 949 323 1024 Domino:
351 950 497 1048 Ilseqeeft
514 955 661 1022 veniatis
681 967 719 1022 ut
735 956 913 1046 appareatis
931 950 1036 1019 milri:
1059 973 1152 1021 auer-

90 1054 278 1137 tamenim,
303 1051 443 1142 inquit,
468 1052 668 1124 malumus
688 1080 708 1123 a
725 1052 838 1124 uobis:
863 1048 902 1126 si
918 1050 948 1146 ſs
964 1051 1154 1146 multiplice-

90 1154 136 1221 tis
167 1155 359 1236 orationem,
392 1176 458 1223 non
488 1152 652 1222 exaudiam
678 1177 746 1230 uos.
795 1148 928 1225 Forsan
957 1151 1054 1223 enirn
1083 1167 1152 1242 pro
1201 1179 1205 1188 ·

89 1250 156 1322 illo
181 1248 314 1344 duplici
337 1251 436 1340 quod
460 1250 613 1327 diximus
638 1253 781 1347 agmine·
802 1250 989 1325 hominurn
1018 1244 1153 1321 sandio·

90 1369 169 1421 rum
197 1348 230 1421 u
258 1352 447 1423 beatorum
475 1352 701 1447 angelorum,
725 1352 855 1423 iterum
882 1349 1015 1441 duplex
1039 1344 1083 1419 lit
1113 1349 1153 1420 in

90 1467 203 1523 unum
237 1462 444 1523 conventus
472 1452 665 1542 impiorum
696 1451 885 1525 hominum
916 1446 950 1520 u
976 1448 1153 1521 malorum

46 1540 61 1577 ²
93 1548 319 1642 angelorum,
346 1548 391 1621 de
413 1570 486 1639 quo
501 1556 691 1623 conventu
711 1546 870 1622 asanttis
890 1548 1024 1642 angelis
1040 1546 1155 1639 &piis

91 1648 299 1719 hominibus
320 1646 392 1721 dici
413 1647 540 1741 poffitz
566 1650 646 1721 Nrur
666 1649 733 1737 fedi
756 1672 823 1717 cum
850 1646 969 1744 confisis
992 1648 1155 1717 vanitatis

93 1744 132 1819 (s
145 1771 212 1815 cum
234 1751 346 1843 iniqua
361 1747 541 1840 gerentibus
560 1773 626 1818 non
646 1747 794 1820 introibo.
846 1748 923 1819 Odia
946 1745 1047 1817 habui
1065 1748 1157 1815 eccle·

86 1844 167 1942 fiam
190 1847 433 1938 malignantium
465 1844 504 1923 (Ἰ
530 1852 728 1944 cumimpiis
753 1845 949 1935 mnsedeba.
1003 1843 1083 1919 Hac
1108 1843 1154 1918 de

69 1998 75 2007 .
95 1941 197 2017 causa
211 1957 304 2037 puto
321 1949 480 2038 populos
497 1947 581 2020 illos
599 1948 713 2037 quiin
731 1946 923 2040 Jerusalem
945 1942 1034 2018 dein
1055 1944 1156 2019 omni

91 2042 213 2137 Judaea
238 2046 354 2138 legem
379 2046 619 2136 reliquerant,
651 2047 771 2121 multis
800 2058 972 2122 oneratos
995 2045 1157 2136 peccatis

95 2140 158 2213 sub
177 2143 405 2218 inimicorum
422 2165 568 2219 manum
581 2142 701 2219 missos
721 2144 813 2237 else,
826 2143 937 2235 'quod
956 2164 977 2217 a
996 2143 1082 2215 Deo
1097 2143 1158 2215 de·

90 2238 207 2317 relidi
228 2240 360 2334 essent,
386 2244 421 2317 da
442 2265 462 2317 a
480 2245 755 2340 protegentibus
774 2245 930 2340 angelis,
957 2241 991 2313 u
1013 2239 1158 2315 destitu-

96 2342 123 2411 ti
153 2338 350 2415 saniiorum
377 2342 565 2429 hominurn
583 2341 740 2422 auxilio.
796 2340 857 2416 Sic
882 2344 979 2417 enim
1008 2343 1157 2437 integra

95 2459 368 2531 nonnumquam
386 2444 701 2539 congregationes
737 2445 777 2517 in
813 2442 1037 2516 tentationes
1068 2440 1157 2514 inci-

97 2539 182 2611 dere
207 2543 487 2633 permittuntur,
511 2556 554 2615 ut
571 2547 665 2615 etiam
684 2544 762 2640 quad
775 2544 932 2613 videntur
946 2542 1077 2627 balma,
1103 2563 1161 2611 au·

91 2638 226 2731 feratur
238 2641 275 2710 ab
287 2646 349 2726 eis,
376 2640 470 2713 &ad
489 2640 596 2714 instar
610 2641 702 2715 licus
720 2638 969 2717 meledium&
991 2660 1012 2713 a
1034 2640 1161 2713 radici·

97 2738 163 2809 bus
186 2735 339 2830 evulsae,
364 2739 464 2830 quod
483 2738 650 2813 esurienti
667 2736 810 2813 Christo
828 2736 979 2811 frustum
1004 2758 1081 2811 non
1099 2738 1160 2811 de·

100 2835 212 2927 derit,
238 2832 410 2928 arefiant,
435 2836 514 2911 &si
545 2839 727 2932 paululum
750 2837 835 2931 quid
860 2833 1016 2911 vivificas
1035 2857 1101 2931 per
1118 2833 1161 2909 li·

101 2935 182 3006 dem
216 2935 359 3007 virtutis
388 2936 602 3031 habuerint,
634 2959 678 3013 ea
707 2945 907 3031 priventur.
958 2935 1048 3010 Haec
1071 2936 1192 3011 mibi=

100 3032 297 3107 necessario
318 3032 440 3108 dixisse
460 3035 591 3109 videor
616 3037 740 3111 locum
758 3037 935 3113 orationis
952 3036 1160 3124 excutiens,

100 3136 390 3227 praecipuumque
417 3131 574 3209 statuens
599 3135 668 3209 else
693 3139 816 3212 locum
845 3133 1045 3211 sentiarum
1072 3155 1160 3209 con·

102 3245 253 3307 ventum
273 3235 332 3324 pie
350 3232 451 3307 simul
475 3236 514 3306 in
532 3230 728 3311 Ecclesiam
747 3236 970 3310 coeuntium.

176 3353 231 3422 32.
258 3330 335 3426 Jam
346 3331 391 3404 de
401 3344 502 3425 parte
511 3333 633 3407 mundi
646 3337 684 3407 in
698 3354 803 3427 quam
813 3330 1036 3428 respiciendo
1053 3351 1158 3407 oran·

103 3430 187 3503 dum
197 3431 258 3524 s1t,
276 3452 389 3523 pauca
399 3432 551 3506 dicenda
561 3431 651 3509 sunt.
679 3433 770 3509 Curn
787 3445 907 3506 autem
924 3445 1079 3523 quatuor
1089 3431 1160 3504 fint

104 3544 222 3625 partes
237 3528 281 3602 ad
300 3529 597 3622 septentrionem,
614 3531 659 3605 ad
676 3529 873 3623 meridiem,
892 3529 936 3604 ad
952 3528 1160 3605 occasum&

107 3630 149 3698 ad
173 3644 313 3715 ortum,
341 3631 417 3720 quis
436 3649 514 3703 non
535 3628 649 3706 statim
667 3630 822 3704 fateatur
836 3643 957 3707 ortum
972 3627 1159 3723 perspicue

105 3727 263 3801 indicare
282 3730 367 3800 illuc
388 3749 458 3801 nos
482 3727 677 3820 symbolice
694 3727 917 3822 conversos,
949 3730 1064 3805 anirna
1080 3731 1159 3801 veri

106 3826 248 3902 luminis
291 3840 411 3915 ortum
448 3828 564 3905 veluti
595 3826 836 3933 respiciente,
873 3848 977 3905 orare
1013 3827 1162 4015 ἓξὲξ
