2498 4254
81 204 155 301 an
289 178 956 283 “'onrorurs”“

78 368 195 471 gloria
216 367 381 464 corporis
398 368 431 443 br
451 370 601 461 dignitas
616 368 734 440 datur:
760 371 810 438 ita
830 310 955 439 tamen
968 372 1013 435 ut
1031 360 1142 437 etianl

81 484 207 545 eorum
221 470 282 559 qui
301 470 344 541 ad
363 472 479 565 ignem
494 470 690 552 aeternum,
717 468 775 538 vel
799 466 840 537 ad
851 464 1024 557 supplicia
1040 460 1138 535 desti·

79 568 187 645 nandi
210 565 309 659 sunt,
336 590 400 662 per
417 566 522 661 ipsam
544 565 809 641 resurrectionis
835 564 1137 651 permutationem

80 668 132 745 ita
150 686 283 761 corpus
305 670 552 759 incorruptum
574 666 615 738 sit
633 665 731 758 quod
750 662 914 757 resurgit,
940 674 984 735 ut
1000 682 1049 735 ne
1065 661 1137 755 sup·

7 804 10 809 ’
79 767 198 863 pliciis
224 767 364 859 quidem
384 768 563 857 corrumpi
587 766 706 839 valeat
731 763 764 837 u
792 761 945 839 dilsolvi.
996 754 1032 831 Si
1054 777 1135 856 ergo
1169 797 1175 806 ·

80 868 134 939 ita
154 864 190 941 se
213 866 326 940 habet
349 868 500 955 qualitas
525 867 600 957 ejus
626 865 792 958 corporis
815 861 916 955 quod
939 858 1135 970 resurgett

81 966 257 1056 mortuis,
290 962 473 1039 videamus
493 985 591 1039 nunc
613 965 697 1056 quid
716 963 780 1038 srbi
802 962 893 1035 velit
909 960 1002 1059 ignis
1020 972 1134 1031 eterm
1160 1032 1174 1046 ,

85 1064 334 1139 comminatio.
1171 1049 1176 1142 i

157 1184 192 1247 4.
219 1159 427 1237 Invenimus
439 1182 592 1253 namque
609 1163 647 1235 in
662 1158 761 1233 Esaia
780 1158 958 1255 propheta
972 1154 1132 1251 deiignrri
1171 1159 1176 1222 l

83 1261 365 1352 uniuscujusque
381 1264 564 1354 proprium
585 1258 655 1334 elle
668 1262 784 1355 ignem
803 1280 876 1351 quo
893 1257 1070 1349 pttnitur3
1092 1256 1132 1329 ait
1168 1235 1176 1347 i

86 1360 201 1433 enim:
254 1360 422 1432 Ambulare
439 1367 476 1431 r'n
495 1367 613 1431 rumine
636 1366 721 1455 ,ignis
746 1361 865 1456 veliti,
891 1356 930 1433 θ
955 1363 994 1425 in
1012 1354 1132 1453 flamm
1165 1361 1176 1442 ,²⁵

85 1456 180 1556 quim
195 1460 381 1557 accendistis.
431 1458 497 1531 Per
515 1480 606 1553 quos
623 1457 805 1541 sermones
831 1460 903 1529 hoc
926 1454 1072 1529 videtur
1090 1456 1132 1527 iu·
1162 1455 1176 1588 j}

86 1556 219 1651 dicari,
245 1560 343 1651 quod
364 1563 610 1651 unusquisque
630 1574 865 1651 peccatorum
890 1554 1071 1629 flammam
1082 1553 1131 1627 libi
1163 1578 1176 1654 gu

35 1702 42 1715 ·
85 1656 161 1753 ipse
182 1660 318 1751 proprii
333 1662 422 1755 ignis
440 1658 638 1747 accendat,
664 1657 696 1729 bt
716 1658 844 1730 nonin
862 1656 1016 1745 aliquem
1030 1656 1131 1749 ignem
1163 1656 1176 1751 i

88 1758 148 1847 qui
165 1769 270 1830 antea
283 1758 354 1848 jam
372 1756 480 1830 fuerit
498 1755 664 1829 accensus
683 1758 726 1829 ab
744 1758 835 1848 alio,
863 1755 922 1828 vel
937 1768 1022 1827 ante
1036 1751 1131 1847 ipsum
1144 1745 1176 1851 'i'

87 1851 300 1933 substiterit:
335 1855 570 1953 demergatur.
623 1854 732 1947 Cujus
756 1855 846 1945 ignis
871 1857 1020 1925 materia
1042 1866 1132 1942 atque
1160 1816 1176 1912 i

89 1951 169 2026 esca
184 1952 305 2029 nostra
319 1955 400 2029 sunt
418 1970 587 2046 peccata,
615 1977 693 2047 quae
712 1956 754 2027 ab
773 1951 940 2045 apostolo
959 1952 1070 2025 Paulo
1085 1950 1132 2045 lig·
1160 1917 1176 2052 i?

89 2071 138 2125 na
154 2052 188 2125 bt
205 2054 340 2127 loenurn
358 2054 391 2127 bt
408 2053 534 2146 stipula
549 2057 790 2128 nominantur.
819 2050 866 2123 lit
880 2054 1035 2125 arbitror
1051 2044 1131 2141 quud
1152 2052 1176 2102 -Ι

89 2147 182 2224 sicut
198 2152 237 2223 in
256 2173 413 2246 corpore
432 2153 517 2224 esca
542 2152 806 2225 abundantia&
826 2150 974 2241 qualitas
993 2150 1027 2245 iit
1044 2164 1133 2241 quan·
1168 2150 1172 2168 '

89 2248 175 2321 titas
192 2250 260 2323 cibi
279 2256 459 2323 contraria
475 2250 594 2323 febres
613 2263 807 2345 generant,
836 2251 870 2323 δι
889 2250 1009 2324 febres
1025 2240 1133 2321 <liveri
1162 2249 1176 2350 i

90 2345 189 2420 modi
214 2348 275 2418 vel
292 2352 468 2441 temporis
484 2350 675 2423 secundum
703 2370 780 2422 eam
799 2349 998 2424 mensuram
1016 2368 1082 2439 qua
1095 2346 1134 2417 in·
1163 2352 1176 2426 i

91 2446 285 2537 temperies
311 2445 462 2518 colleila
487 2451 670 2522 materiam
697 2447 896 2544 suggesserit
921 2471 963 2521 ac
988 2449 1136 2521 fomitem
1164 2427 1176 2499 i

90 2540 263 2616 febrium:
290 2566 366 2637 quae
384 2550 539 2619 materiae
559 2549 708 2636 qualitas
730 2570 772 2619 ex
792 2547 927 2620 diuersa
939 2533 1136 2641 intemperie
1164 2545 1176 2624 l

94 2657 333 2739 congregata,
360 2645 461 2716 caut‘a
486 2648 545 2717 vel
572 2648 765 2719 acerbioris
792 2648 934 2738 morbi,
960 2648 1024 2719 vel
1048 2640 1137 2739 proli·
1167 2645 1176 2697 t

92 2741 204 2815 xioris
229 2739 362 2816 existit:
388 2746 436 2815 ita
461 2747 576 2819 anima
594 2766 675 2817 cum
692 2746 956 2820 multitudinem
977 2746 1137 2819 malorum
1165 2741 1176 2834 ,ἓ

94 2858 247 2933 operum
264 2840 296 2913 e
317 2844 567 2915 abundantiam
584 2844 621 2915 in
638 2842 672 2915 se
692 2846 972 2942 congregaverit
987 2853 1139 2939 peccatu·
1166 2845 1175 2868 ⁹

93 2960 198 3032 rum,
224 2943 450 3032 competenti
474 2955 641 3035 tempore
661 2946 777 3022 omnis
797 2945 854 3015 illa
877 2948 1053 3018 malorum
1069 2958 1140 3015 con·
1171 2979 1176 2986 ·

93 3040 254 3137 gregatio
275 3038 478 3113 effervescit
504 3042 547 3113 ad
572 3038 806 3135 supplicium,
834 3055 941 3133 atque
966 3042 1142 3115 inflamm-

94 3150 154 3210 tur
184 3138 227 3210 ad
253 3158 391 3233 poenas:
418 3160 499 3213 cum
523 3161 625 3213 mens
647 3139 740 3235 ipsa,
766 3141 826 3212 vel
849 3139 1073 3215 conscientia
1091 3150 1141 3233 pet

68 3235 255 3310 ·divinam
288 3238 459 3310 virtutem
494 3241 614 3311 omnia
647 3242 682 3311 in
709 3244 916 3315 memoriam
953 3244 1143 3333 recipient,

97 3353 251 3426 quorum
268 3344 306 3409 ln
328 3334 513 3427 semetipsa
536 3336 630 3434 figna
648 3340 806 3428 quadarn
831 3338 863 3409 u
885 3338 1041 3431 formas,
1076 3354 1144 3409 curu

95 3446 295 3527 peccaret,
322 3434 561 3528 expresserat,
596 3435 628 3509 δι
651 3437 865 3533 singulorum
886 3436 964 3529 quae'
982 3440 1042 3512 vel
1062 3436 1146 3511 iude

99 3550 142 3605 ac
178 3533 331 3623 turpiter
355 3533 528 3629 gestarat,
556 3537 617 3608 vel
643 3540 749 3609 etiam
775 3537 883 3629 impie
911 3536 1146 3623 commiserat,

98 3626 283 3703 historiam
294 3634 480 3721 quamdam
492 3632 663 3708 scelerum
679 3635 821 3707 suorum
837 3648 919 3707 ante
937 3634 1147 3709 oculossuor

99 3725 241 3804 videbit
257 3731 477 3827 exposrtam:
504 3745 591 3806 tunc
615 3733 648 3805 &
670 3738 742 3829 ipia
763 3732 985 3807 conscientia
1007 3734 1149 3827 propriis

98 3824 249 3907 stimulis
273 3828 424 3929 sputus
445 3844 553 3930 atque
572 3834 848 3933 compungitur,
873 3832 979 3911 &sui
1001 3834 1075 3935 ipsa
1092 3828 1151 3909 eb·

1022 3936 1114 4013 citur
