2498 4254
1 225 3 230 ,
99 140 307 297 ,941-
417 180 825 274 ortatur-s
930 190 937 197 ·

96 360 151 437 tta
164 356 304 430 demum
319 356 458 449 quidam
476 376 685 451 permanere
707 358 745 431 in
757 358 890 433 ¹eodem
905 355 997 434 statu
1017 375 1091 449 quo
1105 347 1157 431 ia·

99 478 165 558 pra
181 454 330 529 diximus
343 470 498 550 putant,
522 455 559 529 id
581 454 631 529 est
650 471 692 529 ut
707 456 825 530 Deum
844 458 963 530 onmia
980 456 1174 551 babeant,

25 622 27 627 .
102 556 252 632 &Deus
267 558 315 627 eis
331 552 373 631 tit
384 558 526 647 omnia,
551 555 792 629 sinullatenus
809 578 868 630 eas
886 554 1036 628 societas
1057 568 1162 629 natu·

100 677 149 732 τω
162 655 360 751 corporalis
376 668 555 733 amoveat
606 653 781 747 Alioquin
797 655 995 730 existimant
1008 655 1161 751 gloriam

100 755 240 835 summa
258 755 487 829 beatitudinis
501 754 691 849 impediri,
718 754 944 830 timererialis
962 751 1163 830 substantiae

100 853 330 933 interseratur
359 855 541 930 admixtio,
608 854 665 927 De
689 875 757 948 qua
784 876 825 928 re
849 853 988 949 plenius
1010 875 1031 925 a
1052 853 1170 927 nobis¹

93 972 182 1049 quae
195 957 230 1027 in
248 954 485 1048 superioribus
506 962 699 1045 occurrere
713 965 942 1051 potuerunt,
967 950 1162 1046 pertrana-

98 1066 143 1131 ’ω
159 1071 266 1147 atque
284 1054 413 1148 digesta
430 1052 519 1128 sunt.

179 1178 215 1243 4.
243 1152 351 1225 Nunc
368 1174 459 1226 vero
478 1154 645 1244 quoniam
662 1151 755 1248 apud
768 1148 987 1245 Apostolum
1007 1151 1164 1225 mentio·

102 1274 187 1333 nem
207 1250 368 1345 spiritalis
386 1254 549 1349 corporis
567 1255 789 1346 invenimus,
815 1252 966 1345 qualiter
989 1251 1096 1325 etiarn
1110 1249 1163 1323 in·

104 1352 151 1427 de
165 1349 286 1423 sentiri
304 1351 434 1425 debeat
452 1352 497 1425 de
512 1355 612 1446 hoc,
644 1351 895 1426 tantummodo
914 1361 1025 1443 prout
1043 1346 1164 1443 potiu-

103 1445 182 1549 mus
206 1451 437 1542 requiramus.
504 1455 688 1551 Quantum
712 1472 800 1547 ergo
824 1448 940 1524 sensus
959 1448 1082 1523 noster
1108 1468 1166 1521 ca·

102 1568 193 1649 pere
205 1549 337 1641 potest,
349 1554 552 1641 qualitatem
568 1550 728 1645 spiritalis
745 1551 910 1643 corporis
928 1548 1036 1623 talem
1046 1568 1167 1640 quarn·
1248 1579 1249 1644 q

104 1650 187 1732 dam
204 1648 273 1722 etse
293 1647 480 1743 sentimus,
513 1653 549 1722 in
564 1672 637 1743 quo
653 1650 851 1725 inhabitare
873 1649 1000 1723 deceat
1017 1666 1096 1722 non
1109 1644 1167 1720 so·

103 1749 180 1828 lum
195 1747 325 1823 sanitas
335 1770 492 1843 quasque
505 1749 748 1844 perfeibasque
762 1752 907 1842 animas,
918 1768 1045 1823 verum
1057 1747 1167 1820 etiam

107 1849 254 1923 omnem
279 1850 374 1925 illam
399 1863 595 1923 creaturam
610 1870 686 1941 quae
711 1850 920 1922 liberabitur
945 1871 966 1921 a
992 1844 1165 1941 servitute

106 1949 366 2041 corruptionis,
422 1949 482 2023 De
497 1968 654 2043 corpore
672 1952 778 2023 etiam
794 1948 879 2021 illud
895 1943 1097 2041 Apostolus
1120 1943 1169 2019 di·

103 2049 186 2125 xit:
217 2058 351 2120 nomem
363 2048 507 2120 hebemus
524 2074 591 2119 non
610 2074 709 2119 manu
720 2047 863 2142 saliam,
889 2065 1039 2135 aternam
1057 2052 1096 2116 itr
1110 2068 1167 2115 coe·

107 2147 173 2227 its,
207 2146 244 2219 id
266 2147 316 2220 est
336 2148 372 2221 in
389 2146 628 2239 mansionibus
647 2148 850 2222 beatorum.
908 2144 967 2220 Ex
988 2147 1062 2221 hoc
1079 2164 1165 2241 ergo

110 2244 352 2343 conaietluram
367 2267 495 2340 capere
503 2246 697 2340 potiumus,
715 2260 854 2339 quanta
867 2247 1045 2343 puritatis,
1062 2264 1169 2337 quan·

108 2356 157 2417 tae
173 2344 405 2437 subtilitatis,
440 2360 649 2438 quantaeque
668 2349 792 2443 gloriae
807 2345 851 2421 srt
871 2346 1020 2437 qualitas
1037 2363 1169 2438 corpo·

106 2443 160 2521 ris
178 2444 269 2515 illius
288 2498 301 2545 ,
326 2444 672 2541 licomparationem
688 2446 856 2523 faciamus
879 2446 953 2538 ejus
972 2445 1016 2518 ad
1032 2465 1074 2516 ea
1092 2463 1170 2534 qua

109 2562 229 2635 nunc,
261 2542 347 2615 licet
373 2542 527 2619 caelestia·
547 2544 615 2618 srnt
640 2546 674 2617 δι
700 2543 963 2639 splendidiffima
987 2560 1169 2639 corpora,

108 2662 219 2721 manu
235 2639 324 2715 fatte
339 2657 458 2719 tamen
476 2642 556 2716 sunt
573 2643 607 2717 u
623 2644 784 2719 vifibilia.
833 2644 893 2718 De
906 2645 970 2718 illo
986 2654 1104 2717 autem
1118 2639 1169 2711 di·

113 2741 207 2815 citur
228 2741 354 2815 domus
374 2742 442 2816 elie
462 2765 537 2817 non
554 2764 661 2819 manu
682 2743 797 2837 faeta,
824 2742 884 2818 sed
900 2757 1031 2819 eterna
1048 2742 1085 2814 in
1097 2759 1171 2811 soe·

112 2840 168 2917 li's.
221 2842 316 2941 Quia
329 2845 414 2939 ergo
429 2837 965 2942 quevidenturtemporatiasunt,
991 2870 1055 2943 que
1069 2856 1173 2911 amem

1056 2964 1126 3014 non

82 3211 85 3218 ,
114 3156 155 3215 ttt
167 3162 246 3237 pene
257 3134 512 3237 nihilprrditliffe
526 3141 714 3226 uideantur,
731 3136 770 3216 (5
780 3142 939 3212 nonnulla
948 3139 1066 3234 grandi
1077 3130 1175 3210 ruine

116 3244 157 3312 r‘tt
174 3244 321 3311 ultimum
338 3246 570 3335 precipitantur
582 3245 651 3339 fint
671 3243 864 3312 barathrum.
927 3244 1095 3337 Mvitqtre
1115 3240 1176 3329 tis·

112 3342 264 3442 pensator
289 3346 428 3410 omnium
457 3344 542 3412 Deus
568 3343 805 3412 inconditique
835 3343 1019 3412 munierum
1038 3339 1176 3437 firrguiir

115 3440 209 3515 abuti
231 3445 330 3541 juxta
361 3447 508 3511 meritum
533 3441 572 3518 (5
597 3452 847 3538 opportunitates
871 3440 909 3518 ἐ]
934 3442 1038 3531 causer
1063 3440 1175 3536 quibus

116 3542 234 3613 mundi
262 3538 469 3633 gubernacula
496 3541 716 3636 sustentantur
748 3540 787 3618 (5
819 3546 1019 3612 initiantur:
1055 3558 1092 3608 ut
1118 3540 1177 3638 qui

119 3664 223 3713 amnes
240 3645 357 3710 vicerit
372 3647 538 3739 nequitia,
563 3649 603 3718 (τ
614 3649 745 3739 penitae
752 3645 886 3732 seterra
897 3648 1121 3738 coaequaverit,
1140 3647 1177 3709 in

120 3741 186 3813 aiio
203 3740 316 3813 munde
335 3746 389 3837 qui
403 3742 500 3839 postea
511 3741 719 3833 fabricandus
737 3743 800 3840 eft,
816 3744 1058 3833 partiebatur,
1078 3744 1176 3839 prin·

108 3846 235 3934 tq'ot'um
246 3836 473 3938 plasmationis
491 3846 649 3927 Domini,
673 3859 709 3913 ut
726 3842 879 3912 illudatur
894 3845 923 3911 ei
933 3843 970 3913 ab
980 3842 1110 3935 Angelis
1124 3842 1181 3938 qui

98 3942 233 4011 exordri
246 3942 385 4035 amisere
405 3949 583 4025 virtutem.
629 3940 678 4021 ln
692 3943 794 4043 apin.
807 3940 1074 4019 &bleranae
1087 3939 1186 4008 buit.
