2498 4254
203 204 206 209 ·
258 175 346 291 nt,
383 171 727 271 err-ructent,
779 166 966 253 trum
1075 183 1145 281 135

83 344 184 440 quod
202 340 321 417 uDeo
340 340 415 414 dari
443 341 605 431 videtur,
630 339 691 412 vel
716 339 884 413 incedere
907 339 1142 413 immundatis

84 448 184 539 eius,
210 442 273 516 vel
294 440 562 533 justificationes
582 439 656 531 ejus
682 438 879 512 custodire:
906 437 1035 532 quippe
1049 438 1075 513 fi
1090 441 1142 533 ip·

88 544 120 619 se
138 544 176 617 id
188 540 288 635 quod
311 538 430 617 obstat
454 540 498 613 ad
523 538 753 611 custodienda
777 538 939 611 mandata
961 532 1145 631 'lapideum

90 641 368 733 minuerem,
404 640 616 713 carmelius
644 636 678 709 tt
712 636 899 711 sensibilius
926 636 1024 729 quod
1048 660 1164 712 nunc-

94 763 255 815 tarneum
277 740 509 830 nominatur,
536 736 694 809 immittit
719 737 753 809 δι
776 736 908 812 inserit.
960 738 1057 811 Vide
1082 759 1144 811 au·

93 854 161 921 tem
175 841 283 915 etiam
296 838 384 911 illud
399 838 496 929 quod
510 838 547 909 in
561 833 762 931 Evangelio
776 836 956 909 Dominus
973 836 1142 911 &Salva-

94 954 150 1023 tor
169 940 212 1014 ad
233 960 298 1011 eos
320 938 381 1029 qui
401 936 604 1029 querebant
629 936 672 1008 de
690 934 766 1029 ipso
784 958 892 1029 quare
908 938 952 1011 ad
968 940 1088 1009 turbas
1102 937 1142 1013 in

96 1040 263 1135 parabolis
274 1039 509 1137 'loqueretum
536 1036 637 1127 quale
652 1034 717 1130 fit,
745 1035 794 1109 ait
819 1037 935 1110 enim:
970 1041 1015 1107 Ut
1032 1039 1146 1107 videm-
1245 1068 1248 1072 ·

98 1157 214 1219 tutum
232 1140 365 1209 videant
389 1134 428 1213 (Ἰ
436 1141 610 1208 ¹'audientes
629 1160 696 1205 uam
719 1138 854 1207 audiant
872 1136 912 1215 U
935 1162 1002 1208 mom
1027 1139 1145 1207 iutelli-

56 1271 63 1279 ·
95 1236 183 1333 gant,
207 1261 249 1309 ut
267 1236 376 1331 farte,
402 1228 635 1307 convertantur
649 1231 689 1311 (5
709 1240 896 1308 remittatur
913 1242 966 1313 eis.
1018 1234 1089 1309 Sed
1103 1234 1144 1311 fl·

100 1337 152 1431 tud
164 1334 298 1430 quoda
315 1334 426 1409 Paulo
448 1334 612 1428 apostolo
633 1333 763 1409 diuum
787 1336 838 1409 est
858 1337 939 1428 quia
953 1362 1018 1407 nm
1033 1341 1145 1406 vilen-

102 1442 153 1525 tis‚
176 1462 276 1535 meque
294 1443 473 1523 currentis,
493 1436 546 1523 sui
565 1436 739 1523 miserentir
755 1436 795 1534 esi
817 1442 890 1511 Dei.
942 1434 990 1509 Et
1007 1437 1046 1509 in
1069 1437 1145 1510 alio·

77 1535 197 1611 ·loco:
222 1534 272 1609 Et
286 1536 364 1607 vete
379 1535 417 1612 (5
429 1537 573 1633 perficere
585 1561 623 1605 ex
641 1540 706 1606 Deo
720 1534 771 1631 est.
818 1532 869 1609 Et
880 1537 1010 1609 iterum
1021 1536 1059 1607 in
1072 1537 1142 1609 alio

100 1634 194 1709 loco:
228 1638 312 1728 Erga
334 1639 384 1705 cui
407 1637 481 1707 vuit
506 1636 690 1725 miseretur,
722 1632 762 1710 (Ἰ
786 1660 874 1731 quem
898 1639 974 1708 vult
1000 1638 1145 1708 indurat.

104 1738 189 1807 Dices
214 1742 320 1835 itaque
342 1736 444 1808 mihi:
481 1739 556 1831 quid
579 1759 646 1828 ergo
671 1736 772 1807 adhuc
795 1732 933 1832 culpat?
972 1738 1146 1809 Voluntati

102 1824 174 1907 euim
188 1839 255 1935 ejus
269 1838 340 1933 quis
358 1832 494 1931 restflet?
518 1834 646 1905 omma
671 1851 709 1927 tu
733 1839 805 1933 quis
831 1860 861 1904 es
886 1830 951 1928 qui
966 1851 1075 1906 cantra
1101 1862 1147 1907 re·

97 1938 231 2032 [pendeas
253 1929 341 2006 Deo?
365 1936 532 2031 Numquid
555 1936 632 2003 dicit
645 1931 831 2028 figmentum
855 1939 957 2030 tiqui
980 1936 1009 2019 se
1019 1935 1145 2027 fiuxit,

102 2038 170 2133 quii
183 2036 333 2131 mefecrsti
341 2030 409 2130 fic?
433 2038 502 2107 Aut
517 2058 582 2103 mam
594 2035 688 2106 habet
701 2033 876 2130 patestatem
888 2035 1008 2127 figulus
1026 2038 1092 2105 luti
1107 2060 1146 2105 tx

103 2138 192 2207 tudem
208 2134 302 2227 maffit
310 2135 418 2227 facete
431 2144 490 2205 tuis
507 2134 595 2205 aliud
610 2136 730 2228 quidem
747 2134 787 2203 ad
803 2135 967 2207 hamoreme
992 2135 1079 2203 atiud
1090 2159 1149 2205 au·

104 2250 158 2307 tm
173 2237 211 2307 ad
227 2230 473 2306 coutumeliam?
494 2233 582 2305 Haec
598 2232 632 2304 δι
650 2233 704 2305 his
722 2232 842 2307 similia
856 2255 933 2306 non
950 2253 1073 2327 parum
1091 2235 1166 2305 vi·'

105 2334 221 2421 dentur
254 2335 433 2408 deterrere
467 2330 567 2429 poffe
593 2334 891 2425 quamplurimOS‚
928 2354 975 2405 ne
997 2346 1147 2425 putetur

104 2434 330 2526 unusquisque
347 2434 479 2505 habere
500 2430 549 2503 sui
571 2432 705 2503 arbitrii
721 2432 945 2525 libertatem,
970 2429 1030 2504 sed
1047 2432 1147 2524 quod

107 2553 145 2605 ex
165 2534 237 2607 Dei
261 2535 451 2606 voluntate
477 2533 537 2605 vel
562 2529 687 2603 salvari
713 2530 835 2623 aliquis
868 2533 929 2603 vel
952 2534 1068 2623 perire
1093 2532 1148 2605 vi·

68 2674 71 2679 ·
107 2631 229 2708 deutur.

994 2738 1026 2811 8.
1041 2690 1098 2804 Inss

311 2892 740 2968 Imtuurrrzrurto
780 2910 928 2965 trouu.

106 3030 199 3105 durat.
254 3037 348 3105 Dices
358 3039 466 3130 itaque
474 3034 571 3102 milri:
596 3032 673 3129 quid
682 3034 782 3103 adhuc
791 3040 957 3131 queritur:
984 3031 1148 3103 voluntati
1193 3124 1196 3129 Ι

104 3136 336 3232 atimejusquis
351 3128 487 3229 reſsssit?
517 3131 589 3225 Et,
616 3133 1004 3219 obedientiaexvocante,
1031 3156 1149 3203 monete
1197 3130 1209 3151 ²

104 3232 179 3301 mabit
198 3232 247 3329 eft.
303 3233 438 3304 Olmma
454 3250 491 3302 tu
512 3237 585 3330 quis
604 3259 635 3304 es
649 3237 703 3327 qui
724 3234 899 3328 respondeas
917 3228 1017 3308 Dea?
1043 3237 1148 3308 Num·

104 3336 169 3427 quii
188 3337 268 3404 dicit
278 3336 464 3427 figmentum
485 3337 513 3402 ei
532 3337 589 3430 qui
598 3333 632 3422 se
641 3336 776 3423 fiuxit:
808 3334 883 3428 quid
905 3358 951 3403 me
965 3332 1070 3432 fecisti
1079 3327 1151 3430 fic?

105 3436 227 3504 Anum
240 3435 334 3505 habet
346 3432 524 3529 potestatem
534 3434 656 3525 figulus
672 3434 737 3503 luti
754 3458 792 3501 ex
814 3435 917 3503 eadem
934 3430 1026 3523 maffii
1039 3434 1148 3526 facere

104 3532 179 3603 utut
193 3534 315 3631 quidem
327 3559 386 3602 vas
401 3539 435 3600 iu
454 3532 601 3602 hamorem
616 3584 626 3615 ,
652 3533 740 3603 aliud
756 3555 830 3600 vero
845 3538 882 3600 in
902 3530 1151 3604 coutumeliam?

104 3626 356 3725 Haecenimper
368 3631 401 3705 se
417 3633 550 3705 multos
562 3633 771 3722 perturbare
784 3630 948 3725 possunt,
966 3633 1059 3725 quafi
1070 3652 1148 3704 non

105 3726 144 3803 sui
158 3732 200 3804 s1t
212 3733 349 3804 arbitrii
364 3733 499 3825 home,
524 3729 584 3803 sed
597 3729 698 3803 Deus
719 3751 810 3822 quos
828 3734 1009 3824 voluerit,
1036 3732 1148 3804 salvet

60 3822 68 3912 i
106 3826 284 3943 &perdat
741 3894 746 3905 .

60 3970 66 3995 ¹
584 3928 635 4025 Μ
656 3952 681 4033 ,5
1012 3927 1122 4013 Utt-
