2498 4254
123 182 197 276 gur
442 132 856 251 on1ctnrs
973 236 983 249 .

123 341 231 414 velut
256 333 413 411 secunde
441 337 502 409 lex
533 334 865 419 Deuteronomiurn
891 331 1051 428 dicitur,
1086 334 1190 427 quod

123 439 312 518 nonnullis
349 430 547 531 fignificare
587 436 769 508 videbitur
802 437 875 507 hoc
911 435 1051 528 ipsum,
1088 435 1193 527 quod

124 536 283 613 cessante
296 537 377 630 lege
395 541 508 629 prima
526 554 604 626 quae
620 555 685 628 per
701 532 859 627 Moysen
878 532 961 607 data
975 532 1040 626 est,
1066 536 1193 609 videa·

47 682 51 689 ·
122 650 185 713 tur
202 634 357 709 secunda
379 636 558 732 legislatio
582 632 797 726 deformari,
833 655 912 726 quae
939 633 1144 727 specialiter
1171 656 1193 708 a

37 816 40 825 ,
96 775 99 783 =
122 736 259 829 Moyse
279 734 430 808 traditur
451 732 534 831 Jesu
558 732 864 826 successori'ejust
888 735 950 824 qui
969 728 1096 824 utidue
1113 733 1190 806 for-

122 858 219 913 mam
236 835 375 909 servare
392 834 550 906 creditur
571 833 768 907 Salvatoris
788 832 922 926 nostri,
947 834 1047 925 cujus
1066 834 1193 906 secun·

116 932 171 1009 '‘da
190 937 291 1031 lege,
324 936 361 1007 id
391 930 443 1007 est
463 935 660 1029 ,praeceptis
683 935 903 1030 evangelicis
927 931 972 1006 ad
990 930 1192 1027 perfeetum

37 1112 40 1116 ,
125 1039 247 1112 omnia
262 1033 519 1128 perducuntur.

204 1156 261 1222 ²5·
287 1131 358 1205 Sed
368 1132 565 1207 videndum
577 1130 686 1206 estne
699 1132 796 1206 sorte
807 1133 915 1228 magis
930 1131 1018 1205 illud
1029 1132 1191 1207 indicare

122 1234 312 1324 videatur,
337 1240 438 1323 quod
456 1232 545 1305 sicut
563 1233 601 1305 in
618 1231 917 1305 Deuteronomio
935 1234 1146 1305 evidentior
1157 1233 1192 1305 tc

122 1330 347 1410 manifestior
362 1332 539 1426 legislatio
554 1332 764 1415 declaratur,
793 1352 897 1422 quarn
908 1333 950 1405 'in
960 1333 1016 1404 his
1027 1353 1106 1423 quae
1121 1334 1192 1426 pri·

121 1448 188 1507 uio
203 1429 332 1524 scriptu
344 1428 443 1503 sunt:
468 1432 519 1505 ita
536 1430 624 1504 &ab
639 1453 688 1505 eo
700 1431 860 1504 adventu
872 1431 1070 1504 salvatoris
1082 1452 1194 1522 quern

76 1602 79 1607 .
121 1532 162 1606 in
180 1530 383 1604 humilitate
399 1531 623 1622 compleuit,
649 1550 731 1606 cunr
748 1530 901 1604 sormam
919 1527 1010 1604 servi
1025 1529 1193 1628 suscepit,

123 1628 750 1725 clariorille&gloriosiorseeundus
761 1633 799 1703 in
812 1632 1043 1731 gloriapatris
1053 1632 1129 1723 ejus
1140 1632 1196 1707 in-

121 1731 265 1805 dicetur
279 1729 471 1822 adventus,
497 1722 1195 1807 &inilloforrnaDeuteronomiicour·

120 1833 288 1927 plenus,
314 1846 401 1902 cuni
412 1831 449 1902 in
465 1846 580 1925 regno
599 1831 773 1903 coelorum
792 1826 898 1902 santii
918 1850 1046 1902 omnes
1065 1832 1195 1907 aeterni

121 1931 219 2003 illius
239 1927 428 2025 Evangelii
451 1931 588 2022 legibus
603 1926 828 2027 vivent(*)‚
864 1928 897 2001 is
914 1928 1003 2002 sicut
1019 1951 1118 2002 nunc
1135 1930 1197 2005 ad·

120 2028 279 2103 ueniens
295 2030 410 2123 legem
428 2031 586 2122 replevit
599 2050 676 2102 cam
697 2051 775 2127 quse
791 2031 950 2103 uminum
972 2029 1083 2101 habet
1097 2029 1195 2103 futu·

122 2148 248 2201 rorum
262 2128 465 2211 bonorum,
492 2127 773 2220 iradeperillum
786 2127 981 2224 gloriosum
993 2130 1193 2206 adventurn

123 2226 336 2318 implebitur
356 2224 389 2297 δι
408 2224 451 2297 ad
468 2225 665 2318 perfodium
681 2228 879 2299 adducetur
898 2228 1001 2321 hujus
1013 2230 1195 2303 aduentus

123 2327 262 2401 umbra.
314 2323 368 2395 lta
385 2329 481 2398 enirn
492 2326 583 2397 dixit
599 2324 781 2420 Propheta
801 2326 846 2398 de
865 2347 933 2400 eo:
960 2329 1102 2423 Spiritus
1119 2331 1197 2400 vul·

124 2442 180 2499 tus
197 2426 299 2520 mistui
320 2425 464 2520 chrislus,
484 2429 664 2515 Dominus,
688 2430 740 2493 cui
759 2428 916 2510 diximus,
942 2433 1017 2522 quia
1032 2435 1069 2496 in
1083 2433 1196 2501 umbra

123 2528 194 2624 rjus
217 2528 365 2596 vivemus
392 2531 431 2594 iu
456 2524 623 2617 gentibus,
658 2544 739 2597 cum
762 2522 899 2596 seilicet
921 2528 965 2599 ab
997 2532 1195 2623 evangelio

125 2624 320 2719 temporali
334 2624 474 2718 dignius
491 2643 619 2696 omnes
637 2620 775 2695 sandius
792 2624 835 2694 ad
849 2628 1073 2720 evangelium
1093 2645 1197 2702 aeter·

123 2744 214 2800 num
236 2722 451 2815 transferet,
476 2721 670 2795 secundum
697 2725 795 2813 quod
813 2724 975 2818 Joannes
992 2727 1031 2799 in
1048 2724 1198 2821 Apoca-

124 2824 218 2929 lypss
234 2822 279 2897 de
295 2834 433 2896 eterno
457 2819 660 2920 Evangelio
681 2822 892 2921 designavit.

1002 2928 1143 3002 26.Ve·

32 3116 35 3123 ’
179 3117 241 3217 (*)
267 3123 363 3193 Sicut
382 3124 469 3191 enim
491 3141 550 3217 per
574 3123 713 3193 umbram
738 3125 927 3219 euangelii,
961 3122 1099 3195 umbram
1119 3124 1197 3220 legis

126 3223 300 3315 implevit:
323 3222 367 3316 fic
389 3227 467 3318 quia
490 3227 592 3292 omnir
611 3223 664 3293 lex
680 3228 851 3321 exemplum
864 3223 903 3300 (Ἰ
925 3227 1034 3296 umbra
1052 3226 1091 3322 esi
1107 3252 1197 3297 caere·

125 3328 305 3392 munierum
325 3321 503 3419 celestium,
529 3324 710 3415 diligentius
724 3328 963 3423 requirendum,
988 3342 1098 3396 utrum
1114 3326 1197 3400 reiis

128 3423 337 3514 intedigamur
359 3422 451 3515 legem
478 3447 599 3520 quoque
619 3424 757 3520 coelefiem
781 3422 821 3501 (5
847 3431 1043 3498 ceremonias
1060 3426 1198 3523 superni

126 3522 231 3592 cultus
245 3520 479 3616 plenitudinem
497 3547 564 3593 non
579 3524 711 3611 habere,
734 3525 787 3612 sed
809 3529 946 3620 indigere
960 3529 1118 3620 evangelii
1140 3553 1198 3599 ve·

129 3626 255 3707 ritule,
296 3624 375 3719 quod
396 3627 433 3692 in
463 3628 611 3719 Joannis
637 3627 815 3723 Apocalypsi
845 3630 1042 3722 evangelium
1066 3627 1197 3722 legimur

125 3723 382 3817 sempiternum,
421 3724 461 3794 ad
494 3732 752 3819 comparationem
786 3729 936 3798 videlicet
965 3731 1064 3825 dujur
1094 3730 1197 3825 nostri

124 3823 312 3918 evangeiii,
337 3824 418 3921 quud
441 3827 607 3923 tenrporair
626 3826 685 3923 efl,
710 3822 750 3902 ὅ
773 3832 811 3897 in
828 3828 1003 3922 rrunfituro
1025 3833 1140 3900 mundo
1159 3852 1195 3903 as

94 3922 462 4030 saulgpraedimmm.
514 3923 552 4007 S.
566 3925 783 4007 lundens
790 3923 907 4029 Epis.
921 3928 971 4005 ud
982 3924 1149 4007 Auitum}
