2498 4254
280 108 886 209 ononnuroun.
1039 136 1112 217 495
1209 122 1212 127 ·

43 282 221 379 fitiorum,
246 281 284 365 io
299 303 360 379 quo
373 279 559 351 clamamus:
585 277 693 365 Abba,
720 279 827 354 Pater.
876 274 980 353 litio
997 272 1118 353 Evan-

50 380 149 479 gelio
169 378 363 454 secundum
388 378 592 474 Joannem:
616 381 784 476 Quotquot
806 393 911 450 aurem
935 395 1118 475 receperunt

50 506 140 569 sum,
167 483 252 552 dedit
264 486 308 552 eis
321 480 596 577 potestatemfilios
618 484 682 549 Dei
688 482 769 570 fieri
788 480 913 577 hirqui
930 485 1063 550 creduut
1077 484 1118 552 in

49 588 180 653 nomine
210 584 290 679 ejas.
340 574 390 652 Et
419 591 571 673 propter
600 577 759 673 spiritum
785 579 883 653 hunc
908 578 1118 674 adoptionis
1185 612 1190 620 =

45 675 210 763 filiorum
233 683 272 753 in
301 678 482 752 catholica
509 680 662 775 Joannis
680 676 833 773 epistola
856 677 902 750 de
922 679 965 751 iis
993 680 1117 771 quide

47 778 137 853 Deo
156 784 233 853 nati
246 778 348 871 sunt,
375 778 561 851 didicimus
580 798 726 853 omnem
739 785 795 876 qui
809 796 908 849 aoros
925 781 964 875 est
978 803 1017 850 ox
1035 785 1117 872 Deo,

47 899 203 977 peccorum
222 904 291 951 non
311 876 431 951 faeere
451 883 600 977 quonium
619 879 727 967 semera
751 878 842 975 ipsius
869 883 905 948 in
931 904 963 950 eo
988 897 1116 969 monet,

49 976 91 1055 ὅ
112 1003 179 1050 non
198 976 300 1074 poffe
316 999 441 1075 petum
465 984 614 1076 quoniam
633 1004 673 1049 ex
691 981 762 1049 Dea
780 994 878 1051 notus
901 979 950 1075 est
1002 980 1116 1075 Igitur

49 1078 78 1163 ii
95 1079 334 1175 intelligamus
355 1076 441 1169 quid
458 1077 547 1152 iilud
562 1078 605 1155 fit
624 1077 725 1170 quod
741 1078 836 1174 apud
855 1078 991 1152 Lucam
1009 1076 1117 1175 scrip·

49 1190 129 1263 tum
149 1177 222 1271 est,
248 1203 318 1249 cum
334 1181 456 1269 oratis,
482 1179 597 1249 dicite:
627 1182 749 1265 Pater3
775 1179 1025 1253 verebimurss
1049 1177 1115 1254 filii
1171 1179 1176 1189 ‘

49 1274 201 1374 iegitimi
222 1297 302 1350 non
326 1274 431 1351 fimus
450 1277 519 1351 hac
540 1276 641 1352 illum
668 1298 767 1352 voce
793 1280 1040 1372 compellare:
1066 1300 1115 1354 ne

50 1378 96 1465 ad
112 1377 181 1450 aha
200 1388 351 1470 peccata
370 1373 492 1451 nostra
515 1379 623 1451 etiam
638 1377 833 1472 impietatis
855 1383 991 1451 crimen
1015 1399 1116 1455 acce·

50 1475 123 1553 dat.
173 1474 215 1549 Id
237 1491 357 1551 autem
382 1472 434 1548 est
455 1477 553 1567 quod
569 1477 665 1553 dico.
716 1474 781 1549 Ait
800 1476 929 1549 Paulus
945 1479 982 1550 in
1002 1482 1116 1572 prima

50 1575 97 1649 ad
116 1573 329 1649 Corinthios
345 1572 514 1670 epistola:
538 1580 640 1650 himo
648 1578 745 1676 peresi
759 1581 859 1650 dicere
877 1582 1035 1649 Dominus
1054 1585 1118 1675 Je-

46 1676 123 1766 [us‚
148 1678 207 1772 nost
221 1681 259 1746 ias
274 1680 391 1774 Spritu
402 1674 535 1764 sandius
562 1676 602 1753 (5
619 1702 707 1751 nemo
724 1683 761 1747 in
770 1678 891 1774 spiriru
907 1683 973 1750 Dei
986 1679 1115 1777 loquens

48 1777 128 1848 dicit
144 1777 314 1848 anathemo
339 1776 432 1872 Jesu.
479 1773 584 1849 Idem.
603 1779 699 1851 enim
721 1789 835 1852 vocat
854 1775 1023 1869 Spiritum
1040 1779 1115 1853 san-

49 1870 146 1949 tium
166 1874 385 1969 &Spiritum
401 1872 484 1950 Dei.
535 1876 634 1972 Quid
648 1878 691 1951 sat
703 1890 824 1952 autem
842 1876 962 1949 dicere
982 1879 1021 1951 in
1039 1877 1115 1973 Spi-

49 1974 124 2045 ritu
139 1972 260 2073 sandio
284 1974 484 2050 Dominum
498 1973 637 2069 Jesum,
667 1995 747 2049 non
771 1976 964 2049 admodum
984 1978 1118 2075 perspi·
1156 2042 1162 2053 ,

50 2092 160 2169 cunm
181 2073 248 2151 est:
275 2094 357 2150 cum
374 2070 582 2169 proferatur
604 2074 682 2147 haec
699 2096 776 2149 vox
794 2075 827 2149 ἃ
844 2077 889 2148 ab
909 2076 1116 2170 hypocritis

48 2172 279 2267 innumeris,
315 2173 351 2247 du
374 2175 422 2251 ab¹
442 2173 682 2247 heterodoxis
704 2175 992 2271 quamplurimis,
1021 2196 1118 2250 non·
1141 2168 1149 2180 ’

48 2267 245 2367 numquam
262 2274 297 2347 dr
313 2295 334 2346 a
350 2268 575 2348 damonibus
595 2273 875 2365 hujus-nominis
899 2275 1036 2348 virtute
1060 2275 1117 2351 su·

77 2376 194 2459 eratis.
220 2374 363 2449 Horum
378 2394 466 2471 ergo
483 2374 638 2465 aliquem
651 2374 690 2446 in
706 2372 840 2467 Spiritu
851 2372 974 2449 'sancio
992 2376 1115 2451 dicere

48 2508 52 2517 ,
89 2476 251 2548 ominum
274 2472 393 2569 Jesum
410 2493 522 2547 nemo
544 2470 716 2547 affirmare
733 2473 874 2550 audeat.
927 2478 1051 2571 Quare
1066 2496 1117 2551 ne

48 2573 191 2646 vellent
209 2575 353 2665 quidem
370 2573 492 2647 dicere
506 2571 706 2649 Dominum
719 2572 860 2670 Jesum,
887 2595 968 2650 cum
982 2577 1034 2649 illi
1049 2574 1117 2649 soii

50 2670 174 2745 dicant
194 2672 395 2748 Dominum
410 2671 552 2769 Jesum,
574 2675 634 2764 qui
651 2694 697 2747 ex
716 2674 837 2747 animo
854 2674 1016 2763 serviunt
1033 2697 1117 2750 ver·

49 2768 102 2844 bo
122 2768 220 2865 Dei,
245 2774 457 2865 nullumque
478 2773 586 2847 aliurn
601 2774 640 2845 in
654 2773 815 2869 qualibet
831 2775 967 2871 agenda
983 2795 1022 2847 re
1038 2772 1118 2847 Do·

47 2869 187 2945 minum
214 2869 420 2967 pradicant.
469 2872 584 2968 Quod
608 2870 634 2945 fi
659 2874 752 2945 tales
776 2871 858 2946 sunt
883 2876 944 2965 qui
969 2872 1115 2949 dicunt:
1167 2938 1171 2945 .

48 2971 216 3043 Dominus
232 2969 355 3067 Josas,
381 2968 503 3043 forsan
535 2974 752 3063 quicumque
775 2986 925 3066 peccat,
949 2975 1118 3067 praevari·

47 3072 198 3153 catione
218 3069 277 3144 sua
298 3070 605 3145 anathematizans
630 3076 782 3148 verbum
808 3073 995 3162 divinum,
1027 3091 1117 3165 ope·

46 3171 147 3255 ribus
168 3170 250 3265 ipiis
272 3172 405 3247 clamat
416 3170 607 3247 anathema
619 3168 713 3267 Jesu.
766 3168 819 3245 Ut
834 3174 941 3267 igitur
956 3172 1016 3263 qui
1033 3172 1116 3269 talia

48 3270 115 3365 est,
141 3268 230 3345 dicit
241 3268 444 3345 Dominum
458 3269 592 3367 Jesum,
618 3273 653 3343 dc
667 3273 728 3363 qui
745 3275 931 3347 conuario
950 3270 1122 3355 semotio·

47 3368 183 3466 habet,
208 3372 297 3445 dicit
313 3372 503 3448 anathema
521 3369 621 3466 Jesu:
647 3371 694 3445 fic
715 3377 817 3443 omnis
836 3379 892 3468 qui
907 3389 1004 3443 natos
1021 3371 1063 3467 aii
1075 3398 1116 3445 ue

49 3477 121 3545 Deo
143 3470 178 3545 &
195 3488 353 3568 peccaram
375 3469 561 3564 nonsatis,
588 3492 636 3545 eo
656 3472 756 3563 quod
775 3471 917 3545 feminis
936 3471 1052 3547 divini
1070 3471 1114 3547 fit

47 3573 231 3669 particeps
245 3570 345 3664 quod
365 3575 408 3646 ab
424 3573 526 3646 omni
545 3586 702 3666 peccato
717 3574 868 3661 avertit,
893 3590 961 3666 per
974 3591 1019 3646 ea
1033 3592 1115 3664 quaa

50 3670 146 3767 agit,
170 3670 276 3745 dicit:
302 3669 408 3747 Pater
428 3675 528 3769 noster
549 3679 605 3771 qui
627 3698 656 3741 es
678 3675 798 3743 ducalis
809 3693 824 3759 ,·
850 3674 913 3769 ipso
925 3676 1115 3771 spiritate.-

45 3773 229 3871 jiimam'um
245 3774 390 3851 reddente
398 3773 534 3873 spiritui
549 3790 677 3850 eorum
689 3775 770 3874 quod
786 3770 1016 3952 fissifflfff‘f
1025 3823 1035 3858 2
1060 3773 1115 3870 51²⁶.

288 3942 294 3950 p
670 3930 674 3937 .
928 3890 1067 3965 „usqua
