2498 4254
95 173 169 273 ru
244 116 247 121 ⁵
415 166 907 247 onrorurs.

93 330 285 431 &abipso
307 325 440 425 Moyse
456 330 552 407 visus
572 331 646 426 est,
672 332 706 405 ἀ
726 344 831 407 antea
848 330 1045 425 apatribur
1060 331 1153 425 ejuar

92 432 232 531 ipvero
251 432 311 526 qui
330 454 350 504 a
369 432 559 507 salvatore
575 432 830 528 annunciatur,
857 454 877 504 a
893 432 995 504 nulio
1010 430 1152 533 penitur

93 530 190 619 uisus
206 530 267 607 est.
291 532 557 629 Interrogemus
573 553 659 626 ergo
681 553 746 604 eos
761 532 876 605 &nos
893 530 918 604 fi
933 531 1151 625 hunc'quem

93 630 254 717 fatentur
267 630 387 705 Deum
407 631 442 708 &
461 631 568 705 alium
587 630 655 703 esse
681 653 762 706 eum
782 632 906 705 dicunt
928 651 1036 723 quam
1060 651 1150 717 crea·¹
1179 665 1185 709 ·,

93 744 216 806 torem
245 730 386 822 Deum,
422 730 595 805 visrbilem
623 751 667 804 an
690 730 901 805 invisibilem
926 729 1048 803 dicant
1074 728 1147 826 effe

93 828 146 927 Et
176 829 344 925 fiquidem
376 828 529 905 dixerint
554 830 636 921 quia
659 829 804 905 visibilis
830 827 902 923 est,
928 843 1057 922 prater
1079 828 1146 907 hoc'
1172 832 1178 850 “

95 930 196 1025 quod
217 943 346 1003 contra
364 923 542 1025 scripturae
560 928 768 1005 sententiam
790 930 918 1003 venite
934 917 1146 1047 arguentur3‘

95 1049 174 1125 quac
186 1028 274 1107 dicit
289 1029 333 1103 de
354 1028 572 1125 Salvatore,'
605 1031 686 1122 quia
709 1034 806 1123 imago
832 1029 870 1127 est
893 1032 1064 1121 invifibitis
1088 1034 1144 1109 flu

89 1134 318 1230 prinugerritus
339 1138 440 1199 amuis
461 1147 633 1201 creatura:
667 1130 852 1203 incurrent
876 1128 1042 1207 etiamin
1064 1114 1145 1207 illud

92 1226 301 1321 absurdum,
317 1230 415 1320 quod
425 1226 547 1303 Deum
561 1250 780 1325 corporeum
792 1227 861 1304 effe
878 1229 1009 1303 dicant.
1060 1226 1143 1303 Non

94 1328 189 1403 enim
203 1329 304 1401 aliter
320 1324 438 1401 videri
455 1328 539 1419 quid
549 1327 670 1423 potest
683 1329 745 1404 nisi
760 1350 824 1423 per
836 1328 1017 1419 habitum,
1037 1326 1142 1403 &rna-

91 1425 329 1603 {nitudincm
350 1426 575 1523 &colorem
589 1451 666 1520 qua
677 1427 756 1501 sunt
769 1427 930 1521 specialia
942 1444 1140 1522 corporum.

126 1539 143 1600 t
158 1526 183 1601 sr
201 1547 333 1621 corpus
346 1524 416 1601 eise
430 1528 690 1621 pronunciatur
708 1524 829 1620 Deus,
855 1525 1024 1618 quoniam
1041 1544 1142 1609 omno¹
1183 1556 1185 1592 :

91 1646 224 1721 corpus
249 1648 296 1703 ex
319 1630 468 1701 materia
492 1624 567 1721 est,
593 1628 797 1703 invenietur
823 1625 983 1699 &Deus
1010 1622 1079 1699 esse
1101 1616 1146 1697 ἐκ·

89 1726 256 1804 materia:
282 1727 381 1819 quod
400 1728 425 1807 st
447 1748 493 1801 ex
511 1730 659 1803 materia
683 1727 743 1819 fit,
770 1725 917 1801 materia
939 1735 1059 1799 autem
1077 1722 1139 1797 sint
1175 1734 1178 1740 '

90 1824 202 1901 dubio
217 1828 460 1921 corruptibilis
481 1826 556 1921 est,
584 1828 653 1899 erit
667 1848 753 1924 ergo
771 1826 842 1919 jam
858 1823 1052 1899 secundum
1063 1808 1139 1919 mo

90 1924 334 2022 corruptibilis
347 1922 461 2002 Deus.
512 1926 661 2001 Rursum
681 1948 825 2019 quoque
847 1923 1140 2021 interrogabimus¹

88 2047 167 2101 eos.
217 2024 372 2099 Materia
387 2026 479 2101 fasta
505 2027 555 2102 est
581 2050 624 2100 an
649 2026 825 2121 ingenitr5
852 2023 889 2097 id
915 2023 965 2096 est
991 2016 1148 2097 infestas·

88 2120 139 2200 Et
153 2123 321 2214 siquidem
340 2126 496 2199 dixerint
512 2128 593 2218 quia
609 2124 739 2200 infesta
758 2124 831 2215 est,
856 2123 892 2195 id
911 2121 961 2196 est
975 2122 1145 2218 ingenitr,‘

86 2223 308 2315 requiremus
324 2226 368 2297 ab
385 2227 435 2298 eis
452 2225 478 2298 fi
498 2228 653 2299 materiae
665 2245 747 2317 pars
765 2222 906 2315 quidem
930 2223 997 2295 alia
1022 2214 1160 2315 Deut,·'
1183 2292 1185 2298 .

88 2325 156 2397 alia
175 2335 294 2397 autem
305 2345 386 2418 pars
400 2325 551 2398 mundus
574 2325 634 2400 est.
672 2322 709 2397 Si
727 2342 819 2395 vero
840 2320 1089 2417 responderint
1102 2309 1144 2403 de'

86 2422 235 2497 materia
245 2422 327 2515 quia
337 2422 427 2497 facta
440 2422 504 2515 est,
523 2424 596 2498 fine
610 2426 719 2497 dubio
737 2421 991 2513 consequetur,
1005 2417 1146 2527 ,ut'eum

87 2539 194 2615 quern
202 2521 322 2595 Deum
335 2522 471 2615 dicunt,
485 2523 615 2599 fartum
626 2521 694 2597 effe
703 2523 901 2595 fateanttu:
916 2520 1150 2625 quodntique

85 2641 156 2697 nec
171 2618 348 2715 ipsorum,
374 2645 444 2695 nec
459 2621 580 2697 nostm
592 2624 686 2697 ratio
704 2622 868 2696 admittit.
918 2618 989 2692 Sed
1004 2619 1150 2721 dicent*

85 2718 270 2815 invifibilis
295 2720 347 2795 est
370 2720 484 2798 Deus.
535 2719 585 2795 Et
609 2722 693 2812 quid
713 2720 848 2819 agetis?
874 2718 910 2791 Si
934 2719 1150 2808 invisibilem,

86 2841 169 2897 eum
185 2818 254 2903 esse
272 2818 386 2893 dicitis
401 2843 466 2915 per
480 2837 643 2897 naturam
653 2818 736 2919 (¹⁵),
763 2841 879 2911 neque
888 2818 1072 2891 Saivatori
1088 2816 1145 2891 de·

85 2921 151 2998 bet
179 2918 250 2995 effe
280 2919 436 2997 visibilis.
489 2922 663 3021 Quinimo
698 2921 733 2993 δι
765 2919 882 2991 videri
915 2918 1019 2993 Deus
1043 2930 1144 3014 pater

86 3016 386 3114 Christi-dicitur,
407 3023 575 3112 quoniam
592 3025 647 3118 qui
668 3021 780 3106 videt„
805 3018 941 3112 inquit,
959 3020 1071 3109 filium
1092 3022 1150 3113 vt..

84 3120 136 3189 der
149 3117 190 3198 si
201 3137 332 3218 patrem.
373 3120 486 3217 Quod
499 3123 623 3213 utique
636 3142 707 3193 vos
722 3119 956 3197 vehementer
970 3114 1145 3215 angustat,

86 3220 226 3295 anobis
239 3240 333 3295 vero
348 3219 476 3294 retiius
494 3242 571 3297 uon
586 3241 653 3311 pro
672 3218 832 3319 videndo
848 3219 906 3294 sed
921 3238 990 3312 pro
1015 3216 1149 3293 intelli·¹

85 3321 205 3415 gendo
221 3317 379 3397 sentitur.
433 3319 507 3419 Qui
522 3320 616 3393 enim
628 3320 848 3411 intellexerit
859 3317 990 3407 filium,
1017 3316 1148 3413 intelli-

83 3416 194 3515 get&
209 3432 357 3513 patrem
406 3418 492 3496 Hoc
507 3438 594 3527 ergo
607 3419 720 3495 modo
732 3417 883 3512 Moyses
901 3418 1009 3532 etiam
1010 3416 1154 3595 dadum

970 3539 1009 3589 v1
1075 3540 1096 3597 e

158 3710 218 3813 (*)
246 3708 351 3810 Restat
364 3730 402 3784 ut
421 3714 642 3811 invifibisirfit
666 3720 775 3811 neu13
794 3714 824 3812 fi
847 3730 951 3785 autem
971 3716 1147 3811 invisibilis

80 3833 136 3909 per
156 3832 307 3887 naturam
332 3814 389 3909 esi,
414 3841 514 3910 mque
529 3816 698 3891 salvatori
714 3817 845 3917 adibilis
861 3819 936 3891 erit.
987 3814 1144 3899 Hieron

78 3912 234 4012 lirterpr.
256 3915 294 3991 in
316 3910 413 4019 epist
430 3912 653 3999 adnutum.
