<?xml version="1.0" encoding="UTF-8"?>
<!DOCTYPE html PUBLIC "-//W3C//DTD XHTML 1.0 Transitional//EN"
    "http://www.w3.org/TR/xhtml1/DTD/xhtml1-transitional.dtd">
<html xmlns="http://www.w3.org/1999/xhtml" xml:lang="en" lang="en">
 <head>
  <title>
</title>
<meta http-equiv="Content-Type" content="text/html;charset=utf-8" />
  <meta name='ocr-system' content='tesseract 3.04.00' />
  <meta name='ocr-capabilities' content='ocr_page ocr_carea ocr_par ocr_line ocrx_word'/>
</head>
<body>
  <div class='ocr_page' id='page_1' title='image "./operaomniasanct08unkngoog_0095.png"; bbox 0 0 2498 4254; ppageno 0'>
   <div class='ocr_carea' id='block_1_1' title="bbox 146 67 1174 269">
    <p class='ocr_par' dir='ltr' id='par_1_1' title="bbox 146 67 1174 269">
     <span class='ocr_line' id='line_1_1' title="bbox 146 67 1174 269; baseline 0.008 -54"><span class='ocrx_word' id='word_1_1' title='bbox 146 71 149 78; x_wconf 32' lang='lat'>⁸</span> <span class='ocrx_word' id='word_1_2' title='bbox 306 134 385 217; x_wconf 83' lang='lat' dir='ltr'>ur</span> <span class='ocrx_word' id='word_1_3' title='bbox 433 67 774 237; x_wconf 76' lang='lat' dir='ltr'>rnrncmns,</span> <span class='ocrx_word' id='word_1_4' title='bbox 823 136 929 222; x_wconf 83' lang='lat' dir='ltr'>tm.</span> <span class='ocrx_word' id='word_1_5' title='bbox 955 139 987 220; x_wconf 88' lang='lat'>1.</span> <span class='ocrx_word' id='word_1_6' title='bbox 1123 164 1174 269; x_wconf 58' lang='grc' dir='ltr'>μ</span> 
     </span>
    </p>
   </div>
   <div class='ocr_carea' id='block_1_2' title="bbox 85 299 1234 3803">
    <p class='ocr_par' dir='ltr' id='par_1_2' title="bbox 91 299 1176 1097">
     <span class='ocr_line' id='line_1_2' title="bbox 91 299 1176 403; baseline 0.008 -31"><span class='ocrx_word' id='word_1_7' title='bbox 91 320 177 403; x_wconf 70' lang='lat' dir='ltr'>per</span> <span class='ocrx_word' id='word_1_8' title='bbox 207 302 374 379; x_wconf 82' lang='lat' dir='ltr'>ordinem</span> <span class='ocrx_word' id='word_1_9' title='bbox 408 302 454 377; x_wconf 85' lang='lat' dir='ltr'>ad</span> <span class='ocrx_word' id='word_1_10' title='bbox 490 304 753 397; x_wconf 74' lang='lat' dir='ltr'>inquisitionem</span> <span class='ocrx_word' id='word_1_11' title='bbox 777 299 863 377; x_wconf 83' lang='lat' dir='ltr'>solis</span> <span class='ocrx_word' id='word_1_12' title='bbox 896 303 932 382; x_wconf 76' lang='lat' dir='ltr'>a</span> <span class='ocrx_word' id='word_1_13' title='bbox 962 307 1077 403; x_wconf 75' lang='lat' dir='ltr'>luna,</span> <span class='ocrx_word' id='word_1_14' title='bbox 1109 310 1176 395; x_wconf 77' lang='lat' dir='ltr'>vel</span> 
     </span>
     <span class='ocr_line' id='line_1_3' title="bbox 92 400 1175 499; baseline 0.003 -22"><span class='ocrx_word' id='word_1_15' title='bbox 92 400 288 487; x_wconf 66' lang='lat' dir='ltr'>stellarum</span> <span class='ocrx_word' id='word_1_16' title='bbox 300 424 365 499; x_wconf 87' lang='lat' dir='ltr'>per</span> <span class='ocrx_word' id='word_1_17' title='bbox 378 402 669 497; x_wconf 81' lang='lat' dir='ltr'>consequentiam</span> <span class='ocrx_word' id='word_1_18' title='bbox 685 405 899 497; x_wconf 87' lang='lat' dir='ltr'>pervenire:</span> <span class='ocrx_word' id='word_1_19' title='bbox 923 418 1045 483; x_wconf 91' lang='lat' dir='ltr'>utrum</span> <span class='ocrx_word' id='word_1_20' title='bbox 1064 408 1175 488; x_wconf 85' lang='lat' dir='ltr'>etiam</span> 
     </span>
     <span class='ocr_line' id='line_1_4' title="bbox 102 500 1172 698; baseline 0.007 -23"><span class='ocrx_word' id='word_1_21' title='bbox 102 500 1044 698; x_wconf 54' lang='lat' dir='ltr'>listsl‘sstffllldsitlltlsidtt?</span> <span class='ocrx_word' id='word_1_22' title='bbox 1058 507 1172 682; x_wconf 62' lang='lat' dir='ltr'>dis‘*</span> 
     </span>
     <span class='ocr_line' id='line_1_5' title="bbox 93 628 1170 801; baseline 0.005 -25"><span class='ocrx_word' id='word_1_23' title='bbox 93 702 171 786; x_wconf 67' lang='lat' dir='ltr'>,vel</span> <span class='ocrx_word' id='word_1_24' title='bbox 194 702 331 779; x_wconf 70' lang='lat' dir='ltr'>nostis:</span> <span class='ocrx_word' id='word_1_25' title='bbox 356 630 402 779; x_wconf 56' lang='lat' dir='ltr'>afr</span> <span class='ocrx_word' id='word_1_26' title='bbox 426 658 663 799; x_wconf 76' lang='lat' dir='ltr'>pu&#39;tandafir&#39;n</span> <span class='ocrx_word' id='word_1_27' title='bbox 679 703 780 777; x_wconf 88' lang='lat' dir='ltr'>istum</span> <span class='ocrx_word' id='word_1_28' title='bbox 798 703 913 779; x_wconf 91' lang='lat' dir='ltr'>solum</span> <span class='ocrx_word' id='word_1_29' title='bbox 927 704 1059 780; x_wconf 90' lang='lat' dir='ltr'>habere</span> <span class='ocrx_word' id='word_1_30' title='bbox 1074 628 1170 801; x_wconf 45' lang='lat' dir='ltr'>priiss</span> 
     </span>
     <span class='ocr_line' id='line_1_6' title="bbox 104 802 1170 899; baseline 0.008 -23"><span class='ocrx_word' id='word_1_31' title='bbox 104 802 265 897; x_wconf 75' lang='lat' dir='ltr'>cipetum</span> <span class='ocrx_word' id='word_1_32' title='bbox 290 803 385 899; x_wconf 86' lang='lat' dir='ltr'>diei,</span> <span class='ocrx_word' id='word_1_33' title='bbox 416 826 459 877; x_wconf 91' lang='lat' dir='ltr'>ac</span> <span class='ocrx_word' id='word_1_34' title='bbox 482 802 620 899; x_wconf 74' lang='lat' dir='ltr'>nostis,</span> <span class='ocrx_word' id='word_1_35' title='bbox 644 825 729 897; x_wconf 82' lang='lat' dir='ltr'>quas</span> <span class='ocrx_word' id='word_1_36' title='bbox 753 804 985 879; x_wconf 90' lang='lat' dir='ltr'>illuminando</span> <span class='ocrx_word' id='word_1_37' title='bbox 1012 804 1170 886; x_wconf 86' lang='lat' dir='ltr'>officium</span> 
     </span>
     <span class='ocr_line' id='line_1_7' title="bbox 104 902 1169 1019; baseline 0.007 -40"><span class='ocrx_word' id='word_1_38' title='bbox 104 917 263 1019; x_wconf 72' lang='lat' dir='ltr'>gerunt,</span> <span class='ocrx_word' id='word_1_39' title='bbox 288 924 366 981; x_wconf 90' lang='lat' dir='ltr'>non</span> <span class='ocrx_word' id='word_1_40' title='bbox 383 916 505 983; x_wconf 82' lang='lat' dir='ltr'>tamen</span> <span class='ocrx_word' id='word_1_41' title='bbox 522 904 592 981; x_wconf 87' lang='lat' dir='ltr'>smt</span> <span class='ocrx_word' id='word_1_42' title='bbox 606 902 652 979; x_wconf 92' lang='lat' dir='ltr'>de</span> <span class='ocrx_word' id='word_1_43' title='bbox 667 904 732 979; x_wconf 93' lang='lat' dir='ltr'>illo</span> <span class='ocrx_word' id='word_1_44' title='bbox 752 904 881 980; x_wconf 87' lang='lat' dir='ltr'>ordine</span> <span class='ocrx_word' id='word_1_45' title='bbox 904 905 1169 1005; x_wconf 79' lang='lat' dir='ltr'>principatuum</span> 
     </span>
     <span class='ocr_line' id='line_1_8' title="bbox 105 1020 303 1097; baseline 0.025 -23"><span class='ocrx_word' id='word_1_46' title='bbox 105 1020 225 1097; x_wconf 85' lang='lat' dir='ltr'>prmcr</span> <span class='ocrx_word' id='word_1_47' title='bbox 253 1026 303 1080; x_wconf 85' lang='lat' dir='ltr'>es.</span> 
     </span>
    </p>

    <p class='ocr_par' dir='ltr' id='par_1_3' title="bbox 85 1026 1234 3803">
     <span class='ocr_line' id='line_1_9' title="bbox 183 1026 1168 1202; baseline 0.007 -25"><span class='ocrx_word' id='word_1_48' title='bbox 183 1124 216 1179; x_wconf 84' lang='lat'>2.</span> <span class='ocrx_word' id='word_1_49' title='bbox 225 1026 504 1179; x_wconf 83' lang='lat' dir='ltr'>pVerumtamen</span> <span class='ocrx_word' id='word_1_50' title='bbox 534 1126 617 1181; x_wconf 90' lang='lat' dir='ltr'>cum</span> <span class='ocrx_word' id='word_1_51' title='bbox 649 1104 799 1202; x_wconf 91' lang='lat' dir='ltr'>dicitur,</span> <span class='ocrx_word' id='word_1_52' title='bbox 832 1104 915 1199; x_wconf 88' lang='lat' dir='ltr'>quia</span> <span class='ocrx_word' id='word_1_53' title='bbox 947 1104 1069 1181; x_wconf 90' lang='lat' dir='ltr'>omnia</span> <span class='ocrx_word' id='word_1_54' title='bbox 1102 1126 1168 1199; x_wconf 84' lang='lat' dir='ltr'>per</span> 
     </span>
     <span class='ocr_line' id='line_1_10' title="bbox 98 1198 1167 1300; baseline 0.004 -23"><span class='ocrx_word' id='word_1_55' title='bbox 98 1198 217 1297; x_wconf 88' lang='lat' dir='ltr'>ipsum</span> <span class='ocrx_word' id='word_1_56' title='bbox 234 1202 326 1278; x_wconf 75' lang='lat' dir='ltr'>fad&#39;ta</span> <span class='ocrx_word' id='word_1_57' title='bbox 343 1203 450 1300; x_wconf 90' lang='lat' dir='ltr'>sunt,</span> <span class='ocrx_word' id='word_1_58' title='bbox 476 1204 565 1278; x_wconf 88' lang='lat' dir='ltr'>&amp;in</span> <span class='ocrx_word' id='word_1_59' title='bbox 580 1203 658 1299; x_wconf 90' lang='lat' dir='ltr'>ipso</span> <span class='ocrx_word' id='word_1_60' title='bbox 683 1217 803 1281; x_wconf 88' lang='lat' dir='ltr'>creata</span> <span class='ocrx_word' id='word_1_61' title='bbox 820 1205 900 1279; x_wconf 90' lang='lat' dir='ltr'>sunt</span> <span class='ocrx_word' id='word_1_62' title='bbox 920 1207 1062 1298; x_wconf 88' lang='lat' dir='ltr'>omnia,</span> <span class='ocrx_word' id='word_1_63' title='bbox 1089 1204 1167 1281; x_wconf 86' lang='lat' dir='ltr'>srva</span> 
     </span>
     <span class='ocr_line' id='line_1_11' title="bbox 102 1298 1167 1403; baseline 0.007 -27"><span class='ocrx_word' id='word_1_64' title='bbox 102 1321 182 1393; x_wconf 82' lang='lat' dir='ltr'>quae</span> <span class='ocrx_word' id='word_1_65' title='bbox 195 1302 235 1377; x_wconf 92' lang='lat' dir='ltr'>in</span> <span class='ocrx_word' id='word_1_66' title='bbox 248 1302 346 1377; x_wconf 83' lang='lat' dir='ltr'>coelis</span> <span class='ocrx_word' id='word_1_67' title='bbox 358 1304 459 1399; x_wconf 90' lang='lat' dir='ltr'>sunt,</span> <span class='ocrx_word' id='word_1_68' title='bbox 484 1298 558 1379; x_wconf 76' lang='lat' dir='ltr'>sive</span> <span class='ocrx_word' id='word_1_69' title='bbox 573 1328 651 1398; x_wconf 82' lang='lat' dir='ltr'>quae</span> <span class='ocrx_word' id='word_1_70' title='bbox 665 1304 796 1380; x_wconf 90' lang='lat' dir='ltr'>suntin</span> <span class='ocrx_word' id='word_1_71' title='bbox 810 1319 926 1399; x_wconf 87' lang='lat' dir='ltr'>terra,</span> <span class='ocrx_word' id='word_1_72' title='bbox 951 1327 1029 1381; x_wconf 94' lang='lat' dir='ltr'>non</span> <span class='ocrx_word' id='word_1_73' title='bbox 1045 1302 1167 1403; x_wconf 81' lang='lat' dir='ltr'>potest</span> 
     </span>
     <span class='ocr_line' id='line_1_12' title="bbox 101 1400 1165 1501; baseline 0.003 -25"><span class='ocrx_word' id='word_1_74' title='bbox 101 1400 258 1477; x_wconf 89' lang='lat' dir='ltr'>dubitari</span> <span class='ocrx_word' id='word_1_75' title='bbox 280 1405 381 1497; x_wconf 91' lang='lat' dir='ltr'>quod</span> <span class='ocrx_word' id='word_1_76' title='bbox 405 1406 513 1481; x_wconf 88' lang='lat' dir='ltr'>etiam</span> <span class='ocrx_word' id='word_1_77' title='bbox 548 1426 592 1479; x_wconf 90' lang='lat' dir='ltr'>ea</span> <span class='ocrx_word' id='word_1_78' title='bbox 624 1427 702 1498; x_wconf 84' lang='lat' dir='ltr'>quoe</span> <span class='ocrx_word' id='word_1_79' title='bbox 735 1406 774 1481; x_wconf 90' lang='lat' dir='ltr'>in</span> <span class='ocrx_word' id='word_1_80' title='bbox 801 1402 1028 1481; x_wconf 89' lang='lat' dir='ltr'>firmamento</span> <span class='ocrx_word' id='word_1_81' title='bbox 1060 1403 1165 1501; x_wconf 87' lang='lat' dir='ltr'>sunt,</span> 
     </span>
     <span class='ocr_line' id='line_1_13' title="bbox 102 1502 1166 1603; baseline 0 -27"><span class='ocrx_word' id='word_1_82' title='bbox 102 1502 205 1595; x_wconf 86' lang='lat' dir='ltr'>quod</span> <span class='ocrx_word' id='word_1_83' title='bbox 223 1504 351 1577; x_wconf 82' lang='lat' dir='ltr'>coelum</span> <span class='ocrx_word' id='word_1_84' title='bbox 369 1506 494 1600; x_wconf 89' lang='lat' dir='ltr'>utique</span> <span class='ocrx_word' id='word_1_85' title='bbox 508 1505 728 1603; x_wconf 87' lang='lat' dir='ltr'>appellatur,</span> <span class='ocrx_word' id='word_1_86' title='bbox 753 1508 880 1599; x_wconf 90' lang='lat' dir='ltr'>inquo</span> <span class='ocrx_word' id='word_1_87' title='bbox 900 1506 1085 1581; x_wconf 90' lang='lat' dir='ltr'>luminaria</span> <span class='ocrx_word' id='word_1_88' title='bbox 1100 1502 1166 1587; x_wconf 75' lang='lat' dir='ltr'>ista</span> 
     </span>
     <span class='ocr_line' id='line_1_14' title="bbox 96 1601 1162 1698; baseline 0.005 -22"><span class='ocrx_word' id='word_1_89' title='bbox 96 1602 218 1695; x_wconf 88' lang='lat' dir='ltr'>pofita</span> <span class='ocrx_word' id='word_1_90' title='bbox 252 1602 324 1679; x_wconf 78' lang='lat' dir='ltr'>esse</span> <span class='ocrx_word' id='word_1_91' title='bbox 358 1601 549 1698; x_wconf 79' lang='lat' dir='ltr'>dicunnu,</span> <span class='ocrx_word' id='word_1_92' title='bbox 591 1607 687 1680; x_wconf 89' lang='lat' dir='ltr'>inter</span> <span class='ocrx_word' id='word_1_93' title='bbox 724 1606 877 1681; x_wconf 89' lang='lat' dir='ltr'>coelestia</span> <span class='ocrx_word' id='word_1_94' title='bbox 916 1617 1162 1681; x_wconf 88' lang='lat' dir='ltr'>numerentur.</span> 
     </span>
     <span class='ocr_line' id='line_1_15' title="bbox 90 1697 1163 1799; baseline 0.004 -24"><span class='ocrx_word' id='word_1_95' title='bbox 90 1697 198 1785; x_wconf 66' lang='lat' dir='ltr'>,Tum</span> <span class='ocrx_word' id='word_1_96' title='bbox 223 1702 352 1779; x_wconf 89' lang='lat' dir='ltr'>deinde</span> <span class='ocrx_word' id='word_1_97' title='bbox 376 1726 458 1780; x_wconf 91' lang='lat' dir='ltr'>cum</span> <span class='ocrx_word' id='word_1_98' title='bbox 484 1704 605 1780; x_wconf 89' lang='lat' dir='ltr'>omnia</span> <span class='ocrx_word' id='word_1_99' title='bbox 628 1702 720 1780; x_wconf 71' lang='lat' dir='ltr'>fasta</span> <span class='ocrx_word' id='word_1_100' title='bbox 745 1704 836 1799; x_wconf 87' lang='lat' dir='ltr'>esse,</span> <span class='ocrx_word' id='word_1_101' title='bbox 872 1707 934 1779; x_wconf 90' lang='lat' dir='ltr'>vel</span> <span class='ocrx_word' id='word_1_102' title='bbox 957 1719 1100 1797; x_wconf 90' lang='lat' dir='ltr'>creata,</span> <span class='ocrx_word' id='word_1_103' title='bbox 1126 1704 1163 1779; x_wconf 76' lang='lat' dir='ltr'>dc</span> 
     </span>
     <span class='ocr_line' id='line_1_16' title="bbox 95 1799 1163 1899; baseline 0.002 -21"><span class='ocrx_word' id='word_1_104' title='bbox 95 1799 137 1878; x_wconf 89' lang='lat' dir='ltr'>in</span> <span class='ocrx_word' id='word_1_105' title='bbox 161 1803 217 1877; x_wconf 82' lang='lat' dir='ltr'>his</span> <span class='ocrx_word' id='word_1_106' title='bbox 242 1825 321 1897; x_wconf 83' lang='lat' dir='ltr'>quae</span> <span class='ocrx_word' id='word_1_107' title='bbox 343 1802 435 1879; x_wconf 72' lang='lat' dir='ltr'>fasta</span> <span class='ocrx_word' id='word_1_108' title='bbox 458 1803 563 1897; x_wconf 89' lang='lat' dir='ltr'>sunt,</span> <span class='ocrx_word' id='word_1_109' title='bbox 588 1806 678 1879; x_wconf 92' lang='lat' dir='ltr'>nihil</span> <span class='ocrx_word' id='word_1_110' title='bbox 703 1803 773 1882; x_wconf 80' lang='lat' dir='ltr'>esse</span> <span class='ocrx_word' id='word_1_111' title='bbox 797 1804 897 1899; x_wconf 91' lang='lat' dir='ltr'>quod</span> <span class='ocrx_word' id='word_1_112' title='bbox 922 1826 999 1879; x_wconf 89' lang='lat' dir='ltr'>non</span> <span class='ocrx_word' id='word_1_113' title='bbox 1023 1807 1163 1880; x_wconf 89' lang='lat' dir='ltr'>bonum</span> 
     </span>
     <span class='ocr_line' id='line_1_17' title="bbox 94 1902 1234 2003; baseline -0.001 -25"><span class='ocrx_word' id='word_1_114' title='bbox 94 1902 302 1996; x_wconf 76' lang='lat' dir='ltr'>malumque</span> <span class='ocrx_word' id='word_1_115' title='bbox 318 1904 493 1999; x_wconf 89' lang='lat' dir='ltr'>recipiat,</span> <span class='ocrx_word' id='word_1_116' title='bbox 518 1918 627 1997; x_wconf 90' lang='lat' dir='ltr'>atque</span> <span class='ocrx_word' id='word_1_117' title='bbox 645 1904 832 1996; x_wconf 86' lang='lat' dir='ltr'>utriusque</span> <span class='ocrx_word' id='word_1_118' title='bbox 859 1926 970 2003; x_wconf 86' lang='lat' dir='ltr'>capax</span> <span class='ocrx_word' id='word_1_119' title='bbox 993 1904 1058 1997; x_wconf 81' lang='lat' dir='ltr'>sat,</span> <span class='ocrx_word' id='word_1_120' title='bbox 1085 1904 1162 1977; x_wconf 89' lang='lat' dir='ltr'>evi·</span> <span class='ocrx_word' id='word_1_121' title='bbox 1231 1917 1234 1925; x_wconf 84' lang='lat'>&#39;</span> 
     </span>
     <span class='ocr_line' id='line_1_18' title="bbox 99 1998 1162 2099; baseline 0.005 -27"><span class='ocrx_word' id='word_1_122' title='bbox 99 1998 227 2077; x_wconf 85' lang='lat' dir='ltr'>denter</span> <span class='ocrx_word' id='word_1_123' title='bbox 238 2003 355 2078; x_wconf 87' lang='lat' dir='ltr'>sermo</span> <span class='ocrx_word' id='word_1_124' title='bbox 371 2002 617 2099; x_wconf 81' lang='lat' dir='ltr'>disputationis</span> <span class='ocrx_word' id='word_1_125' title='bbox 633 2006 834 2079; x_wconf 86' lang='lat' dir='ltr'>invenerit:</span> <span class='ocrx_word' id='word_1_126' title='bbox 861 2004 1047 2097; x_wconf 90' lang='lat' dir='ltr'>quomodo</span> <span class='ocrx_word' id='word_1_127' title='bbox 1057 2016 1162 2097; x_wconf 89' lang='lat' dir='ltr'>puta·</span> 
     </span>
     <span class='ocr_line' id='line_1_19' title="bbox 86 2098 1160 2197; baseline 0.006 -27"><span class='ocrx_word' id='word_1_128' title='bbox 86 2098 197 2188; x_wconf 82' lang='lat' dir='ltr'>¹bitur</span> <span class='ocrx_word' id='word_1_129' title='bbox 217 2103 440 2197; x_wconf 80' lang='lat' dir='ltr'>consequens</span> <span class='ocrx_word' id='word_1_130' title='bbox 468 2105 567 2197; x_wconf 88' lang='lat' dir='ltr'>quod</span> <span class='ocrx_word' id='word_1_131' title='bbox 596 2105 703 2178; x_wconf 87' lang='lat' dir='ltr'>etiam</span> <span class='ocrx_word' id='word_1_132' title='bbox 721 2102 928 2179; x_wconf 90' lang='lat' dir='ltr'>nostrorum</span> <span class='ocrx_word' id='word_1_133' title='bbox 950 2103 1091 2196; x_wconf 79' lang='lat' dir='ltr'>qttidam</span> <span class='ocrx_word' id='word_1_134' title='bbox 1114 2101 1160 2190; x_wconf 78' lang='lat' dir='ltr'>de</span> 
     </span>
     <span class='ocr_line' id='line_1_20' title="bbox 92 2196 1202 2299; baseline 0 -24"><span class='ocrx_word' id='word_1_135' title='bbox 92 2196 174 2275; x_wconf 85' lang='lat' dir='ltr'>sole</span> <span class='ocrx_word' id='word_1_136' title='bbox 192 2202 228 2277; x_wconf 81' lang='lat' dir='ltr'>dc</span> <span class='ocrx_word' id='word_1_137' title='bbox 244 2206 351 2299; x_wconf 91' lang='lat' dir='ltr'>luna,</span> <span class='ocrx_word' id='word_1_138' title='bbox 377 2204 440 2279; x_wconf 81' lang='lat' dir='ltr'>ves</span> <span class='ocrx_word' id='word_1_139' title='bbox 462 2205 631 2279; x_wconf 86' lang='lat' dir='ltr'>fideribus</span> <span class='ocrx_word' id='word_1_140' title='bbox 655 2205 874 2298; x_wconf 85' lang='lat' dir='ltr'>opinantur,</span> <span class='ocrx_word' id='word_1_141' title='bbox 900 2216 942 2275; x_wconf 88' lang='lat' dir='ltr'>ut</span> <span class='ocrx_word' id='word_1_142' title='bbox 963 2203 1160 2286; x_wconf 83' lang='lat' dir='ltr'>inconver·</span> <span class='ocrx_word' id='word_1_143' title='bbox 1196 2265 1202 2282; x_wconf 80' lang='grc'><strong>,</strong></span> 
     </span>
     <span class='ocr_line' id='line_1_21' title="bbox 91 2301 1161 2398; baseline 0.009 -24"><span class='ocrx_word' id='word_1_144' title='bbox 91 2301 216 2377; x_wconf 79' lang='lat' dir='ltr'>tibilec</span> <span class='ocrx_word' id='word_1_145' title='bbox 238 2304 331 2397; x_wconf 86' lang='lat' dir='ltr'>fint,</span> <span class='ocrx_word' id='word_1_146' title='bbox 357 2303 392 2377; x_wconf 74' lang='grc' dir='ltr'>ἀ</span> <span class='ocrx_word' id='word_1_147' title='bbox 419 2304 591 2379; x_wconf 90' lang='lat' dir='ltr'>contrarii</span> <span class='ocrx_word' id='word_1_148' title='bbox 612 2302 826 2398; x_wconf 69' lang='lat' dir='ltr'>incapaces?</span> <span class='ocrx_word' id='word_1_149' title='bbox 858 2302 971 2395; x_wconf 88' lang='lat' dir='ltr'>quue</span> <span class='ocrx_word' id='word_1_150' title='bbox 990 2301 1161 2384; x_wconf 78' lang='lat' dir='ltr'>nonnulli</span> 
     </span>
     <span class='ocr_line' id='line_1_22' title="bbox 86 2398 1159 2501; baseline 0.005 -29"><span class='ocrx_word' id='word_1_151' title='bbox 86 2404 203 2477; x_wconf 74' lang='lat' dir='ltr'>etiam</span> <span class='ocrx_word' id='word_1_152' title='bbox 218 2402 403 2481; x_wconf 72' lang='lat' dir='ltr'>desanaus</span> <span class='ocrx_word' id='word_1_153' title='bbox 417 2404 572 2501; x_wconf 84' lang='lat' dir='ltr'>augelis,</span> <span class='ocrx_word' id='word_1_154' title='bbox 597 2404 756 2479; x_wconf 78' lang='lat' dir='ltr'>haretici</span> <span class='ocrx_word' id='word_1_155' title='bbox 778 2424 870 2479; x_wconf 88' lang='lat' dir='ltr'>vero</span> <span class='ocrx_word' id='word_1_156' title='bbox 893 2403 1000 2475; x_wconf 90' lang='lat' dir='ltr'>etiam</span> <span class='ocrx_word' id='word_1_157' title='bbox 1020 2401 1065 2475; x_wconf 91' lang='lat' dir='ltr'>de</span> <span class='ocrx_word' id='word_1_158' title='bbox 1086 2398 1159 2477; x_wconf 82' lang='lat' dir='ltr'>ani·</span> 
     </span>
     <span class='ocr_line' id='line_1_23' title="bbox 90 2502 1157 2599; baseline -0.006 -20"><span class='ocrx_word' id='word_1_159' title='bbox 90 2502 220 2579; x_wconf 87' lang='lat' dir='ltr'>mabus</span> <span class='ocrx_word' id='word_1_160' title='bbox 239 2525 316 2595; x_wconf 85' lang='lat' dir='ltr'>quae</span> <span class='ocrx_word' id='word_1_161' title='bbox 338 2504 433 2599; x_wconf 87' lang='lat' dir='ltr'>apud</span> <span class='ocrx_word' id='word_1_162' title='bbox 452 2504 536 2579; x_wconf 83' lang='lat' dir='ltr'>illos</span> <span class='ocrx_word' id='word_1_163' title='bbox 557 2502 728 2598; x_wconf 87' lang='lat' dir='ltr'>spiritales</span> <span class='ocrx_word' id='word_1_164' title='bbox 753 2516 889 2577; x_wconf 81' lang='lat' dir='ltr'>natura</span> <span class='ocrx_word' id='word_1_165' title='bbox 912 2502 1157 2594; x_wconf 86' lang='lat' dir='ltr'>appellantur,</span> 
     </span>
     <span class='ocr_line' id='line_1_24' title="bbox 85 2597 1156 2701; baseline -0.007 -21"><span class='ocrx_word' id='word_1_166' title='bbox 85 2601 403 2680; x_wconf 76' lang='lat' dir='ltr'>existimaverunt:</span> <span class='ocrx_word' id='word_1_167' title='bbox 437 2602 557 2680; x_wconf 89' lang='lat' dir='ltr'>Primo</span> <span class='ocrx_word' id='word_1_168' title='bbox 573 2625 661 2701; x_wconf 84' lang='lat' dir='ltr'>ergo</span> <span class='ocrx_word' id='word_1_169' title='bbox 675 2602 858 2677; x_wconf 89' lang='lat' dir='ltr'>videamus</span> <span class='ocrx_word' id='word_1_170' title='bbox 897 2601 959 2675; x_wconf 93' lang='lat' dir='ltr'>uid</span> <span class='ocrx_word' id='word_1_171' title='bbox 972 2597 1045 2695; x_wconf 91' lang='lat' dir='ltr'>ipsa</span> <span class='ocrx_word' id='word_1_172' title='bbox 1059 2599 1156 2673; x_wconf 89' lang='lat' dir='ltr'>ratio</span> 
     </span>
     <span class='ocr_line' id='line_1_25' title="bbox 91 2696 1157 2797; baseline -0.001 -19"><span class='ocrx_word' id='word_1_173' title='bbox 91 2701 138 2778; x_wconf 88' lang='lat' dir='ltr'>de</span> <span class='ocrx_word' id='word_1_174' title='bbox 154 2700 232 2777; x_wconf 89' lang='lat' dir='ltr'>sole</span> <span class='ocrx_word' id='word_1_175' title='bbox 247 2702 283 2777; x_wconf 74' lang='grc' dir='ltr'>δι</span> <span class='ocrx_word' id='word_1_176' title='bbox 298 2706 384 2779; x_wconf 88' lang='lat' dir='ltr'>luna</span> <span class='ocrx_word' id='word_1_177' title='bbox 403 2725 444 2777; x_wconf 91' lang='lat' dir='ltr'>ac</span> <span class='ocrx_word' id='word_1_178' title='bbox 457 2703 566 2778; x_wconf 78' lang='lat' dir='ltr'>stellis</span> <span class='ocrx_word' id='word_1_179' title='bbox 582 2703 767 2796; x_wconf 88' lang='lat' dir='ltr'>inveniat,</span> <span class='ocrx_word' id='word_1_180' title='bbox 791 2703 817 2777; x_wconf 92' lang='lat' dir='ltr'>si</span> <span class='ocrx_word' id='word_1_181' title='bbox 835 2722 875 2775; x_wconf 93' lang='lat' dir='ltr'>re</span> <span class='ocrx_word' id='word_1_182' title='bbox 935 2724 970 2775; x_wconf 94' lang='lat' dir='ltr'>m</span> <span class='ocrx_word' id='word_1_183' title='bbox 989 2699 1040 2775; x_wconf 91' lang='lat' dir='ltr'>est</span> <span class='ocrx_word' id='word_1_184' title='bbox 1056 2696 1157 2797; x_wconf 79' lang='lat' dir='ltr'>quod</span> 
     </span>
     <span class='ocr_line' id='line_1_26' title="bbox 92 2796 1156 2897; baseline -0.002 -22"><span class='ocrx_word' id='word_1_185' title='bbox 92 2802 236 2897; x_wconf 87' lang='lat' dir='ltr'>quidam</span> <span class='ocrx_word' id='word_1_186' title='bbox 250 2815 404 2897; x_wconf 90' lang='lat' dir='ltr'>putant,</span> <span class='ocrx_word' id='word_1_187' title='bbox 430 2802 746 2879; x_wconf 83' lang='lat' dir='ltr'>convertibilitatis</span> <span class='ocrx_word' id='word_1_188' title='bbox 763 2822 828 2875; x_wconf 88' lang='lat' dir='ltr'>eos</span> <span class='ocrx_word' id='word_1_189' title='bbox 847 2800 916 2876; x_wconf 86' lang='lat' dir='ltr'>elle</span> <span class='ocrx_word' id='word_1_190' title='bbox 932 2802 1092 2892; x_wconf 87' lang='lat' dir='ltr'>alienos,</span> <span class='ocrx_word' id='word_1_191' title='bbox 1120 2796 1156 2886; x_wconf 79' lang='lat' dir='ltr'>dt</span> 
     </span>
     <span class='ocr_line' id='line_1_27' title="bbox 92 2898 1155 2997; baseline 0.001 -21"><span class='ocrx_word' id='word_1_192' title='bbox 92 2915 266 2996; x_wconf 86' lang='lat' dir='ltr'>quantum</span> <span class='ocrx_word' id='word_1_193' title='bbox 284 2900 363 2979; x_wconf 87' lang='lat' dir='ltr'>fieri</span> <span class='ocrx_word' id='word_1_194' title='bbox 381 2902 502 2997; x_wconf 87' lang='lat' dir='ltr'>potest</span> <span class='ocrx_word' id='word_1_195' title='bbox 522 2904 567 2979; x_wconf 87' lang='lat' dir='ltr'>de</span> <span class='ocrx_word' id='word_1_196' title='bbox 582 2901 705 2977; x_wconf 80' lang='lat' dir='ltr'>smttis</span> <span class='ocrx_word' id='word_1_197' title='bbox 728 2900 908 2997; x_wconf 86' lang='lat' dir='ltr'>scripturis</span> <span class='ocrx_word' id='word_1_198' title='bbox 929 2902 1081 2997; x_wconf 88' lang='lat' dir='ltr'>primum</span> <span class='ocrx_word' id='word_1_199' title='bbox 1095 2898 1155 2977; x_wconf 87' lang='lat' dir='ltr'>ad·</span> 
     </span>
     <span class='ocr_line' id='line_1_28' title="bbox 88 2997 1154 3097; baseline -0.011 -18"><span class='ocrx_word' id='word_1_200' title='bbox 88 3000 257 3079; x_wconf 75' lang='lat' dir='ltr'>hibentur</span> <span class='ocrx_word' id='word_1_201' title='bbox 273 3001 427 3083; x_wconf 84' lang='lat' dir='ltr'>assertio.</span> <span class='ocrx_word' id='word_1_202' title='bbox 465 3004 536 3097; x_wconf 91' lang='lat' dir='ltr'>Job</span> <span class='ocrx_word' id='word_1_203' title='bbox 550 3024 703 3096; x_wconf 86' lang='lat' dir='ltr'>namque</span> <span class='ocrx_word' id='word_1_204' title='bbox 718 3003 769 3077; x_wconf 88' lang='lat' dir='ltr'>ita</span> <span class='ocrx_word' id='word_1_205' title='bbox 787 3001 932 3075; x_wconf 86' lang='lat' dir='ltr'>videtur</span> <span class='ocrx_word' id='word_1_206' title='bbox 949 2997 1154 3096; x_wconf 70' lang='lat' dir='ltr'>ostendere,</span> 
     </span>
     <span class='ocr_line' id='line_1_29' title="bbox 90 3098 1152 3197; baseline -0.005 -22"><span class='ocrx_word' id='word_1_207' title='bbox 90 3102 192 3197; x_wconf 83' lang='lat' dir='ltr'>quod</span> <span class='ocrx_word' id='word_1_208' title='bbox 205 3123 282 3176; x_wconf 92' lang='lat' dir='ltr'>non</span> <span class='ocrx_word' id='word_1_209' title='bbox 297 3101 410 3177; x_wconf 89' lang='lat' dir='ltr'>solum</span> <span class='ocrx_word' id='word_1_210' title='bbox 429 3102 537 3179; x_wconf 84' lang='lat' dir='ltr'>stellae</span> <span class='ocrx_word' id='word_1_211' title='bbox 553 3101 699 3197; x_wconf 79' lang='lat' dir='ltr'>possunt</span> <span class='ocrx_word' id='word_1_212' title='bbox 713 3100 782 3175; x_wconf 86' lang='lat' dir='ltr'>elle</span> <span class='ocrx_word' id='word_1_213' title='bbox 800 3099 947 3178; x_wconf 79' lang='lat' dir='ltr'>subdite</span> <span class='ocrx_word' id='word_1_214' title='bbox 967 3098 1152 3191; x_wconf 83' lang='lat' dir='ltr'>peccatis,</span> 
     </span>
     <span class='ocr_line' id='line_1_30' title="bbox 89 3198 1152 3299; baseline -0.005 -20"><span class='ocrx_word' id='word_1_215' title='bbox 89 3222 220 3279; x_wconf 87' lang='lat' dir='ltr'>verum</span> <span class='ocrx_word' id='word_1_216' title='bbox 236 3204 343 3279; x_wconf 87' lang='lat' dir='ltr'>etiam</span> <span class='ocrx_word' id='word_1_217' title='bbox 358 3203 458 3299; x_wconf 89' lang='lat' dir='ltr'>quod</span> <span class='ocrx_word' id='word_1_218' title='bbox 479 3202 618 3276; x_wconf 87' lang='lat' dir='ltr'>mundae</span> <span class='ocrx_word' id='word_1_219' title='bbox 629 3223 706 3275; x_wconf 91' lang='lat' dir='ltr'>non</span> <span class='ocrx_word' id='word_1_220' title='bbox 720 3202 789 3278; x_wconf 90' lang='lat' dir='ltr'>smt</span> <span class='ocrx_word' id='word_1_221' title='bbox 801 3224 821 3275; x_wconf 92' lang='lat' dir='ltr'>a</span> <span class='ocrx_word' id='word_1_222' title='bbox 834 3198 1053 3295; x_wconf 83' lang='lat' dir='ltr'>contagione</span> <span class='ocrx_word' id='word_1_223' title='bbox 1068 3218 1152 3291; x_wconf 85' lang='lat' dir='ltr'>peo-</span> 
     </span>
     <span class='ocr_line' id='line_1_31' title="bbox 91 3300 1153 3399; baseline -0.005 -24"><span class='ocrx_word' id='word_1_224' title='bbox 91 3302 173 3381; x_wconf 91' lang='lat' dir='ltr'>cati.</span> <span class='ocrx_word' id='word_1_225' title='bbox 224 3300 280 3379; x_wconf 90' lang='lat' dir='ltr'>Ita</span> <span class='ocrx_word' id='word_1_226' title='bbox 293 3322 446 3395; x_wconf 88' lang='lat' dir='ltr'>namque</span> <span class='ocrx_word' id='word_1_227' title='bbox 463 3300 713 3395; x_wconf 85' lang='lat' dir='ltr'>scriptumest:</span> <span class='ocrx_word' id='word_1_228' title='bbox 738 3303 842 3373; x_wconf 76' lang='lat' dir='ltr'>Stella</span> <span class='ocrx_word' id='word_1_229' title='bbox 856 3323 975 3399; x_wconf 76' lang='lat' dir='ltr'>quoque</span> <span class='ocrx_word' id='word_1_230' title='bbox 991 3301 1153 3387; x_wconf 73' lang='lat' dir='ltr'>nonsuup</span> 
     </span>
     <span class='ocr_line' id='line_1_32' title="bbox 88 3398 1151 3501; baseline -0.006 -26"><span class='ocrx_word' id='word_1_231' title='bbox 88 3405 213 3477; x_wconf 79' lang='lat' dir='ltr'>munda</span> <span class='ocrx_word' id='word_1_232' title='bbox 234 3409 271 3473; x_wconf 82' lang='lat' dir='ltr'>in</span> <span class='ocrx_word' id='word_1_233' title='bbox 286 3402 446 3497; x_wconf 69' lang='lat' dir='ltr'>conspefsu</span> <span class='ocrx_word' id='word_1_234' title='bbox 462 3407 538 3501; x_wconf 77' lang='lat' dir='ltr'>ejus.</span> <span class='ocrx_word' id='word_1_235' title='bbox 589 3401 701 3500; x_wconf 91' lang='lat' dir='ltr'>Quod</span> <span class='ocrx_word' id='word_1_236' title='bbox 716 3423 794 3475; x_wconf 90' lang='lat' dir='ltr'>non</span> <span class='ocrx_word' id='word_1_237' title='bbox 811 3402 937 3491; x_wconf 88' lang='lat' dir='ltr'>utique</span> <span class='ocrx_word' id='word_1_238' title='bbox 953 3398 998 3476; x_wconf 91' lang='lat' dir='ltr'>de</span> <span class='ocrx_word' id='word_1_239' title='bbox 1019 3418 1151 3491; x_wconf 84' lang='lat' dir='ltr'>corpo·</span> 
     </span>
     <span class='ocr_line' id='line_1_33' title="bbox 87 3495 1151 3597; baseline -0.006 -20"><span class='ocrx_word' id='word_1_240' title='bbox 87 3504 136 3577; x_wconf 87' lang='lat' dir='ltr'>ris</span> <span class='ocrx_word' id='word_1_241' title='bbox 159 3524 280 3577; x_wconf 87' lang='lat' dir='ltr'>earum</span> <span class='ocrx_word' id='word_1_242' title='bbox 305 3501 494 3597; x_wconf 87' lang='lat' dir='ltr'>splendore</span> <span class='ocrx_word' id='word_1_243' title='bbox 517 3500 683 3576; x_wconf 89' lang='lat' dir='ltr'>sentitur:</span> <span class='ocrx_word' id='word_1_244' title='bbox 709 3499 812 3577; x_wconf 85' lang='lat' dir='ltr'>verbi</span> <span class='ocrx_word' id='word_1_245' title='bbox 837 3497 958 3593; x_wconf 84' lang='lat' dir='ltr'>causa,</span> <span class='ocrx_word' id='word_1_246' title='bbox 984 3510 1027 3576; x_wconf 85' lang='lat' dir='ltr'>ut</span> <span class='ocrx_word' id='word_1_247' title='bbox 1049 3496 1074 3575; x_wconf 85' lang='lat' dir='ltr'>st</span> <span class='ocrx_word' id='word_1_248' title='bbox 1100 3495 1151 3573; x_wconf 86' lang='lat' dir='ltr'>di·</span> 
     </span>
     <span class='ocr_line' id='line_1_34' title="bbox 90 3595 1176 3697; baseline -0.005 -18"><span class='ocrx_word' id='word_1_249' title='bbox 90 3622 270 3697; x_wconf 77' lang='lat' dir='ltr'>ceremur,</span> <span class='ocrx_word' id='word_1_250' title='bbox 295 3601 546 3679; x_wconf 88' lang='lat' dir='ltr'>vestimentum</span> <span class='ocrx_word' id='word_1_251' title='bbox 562 3622 639 3677; x_wconf 91' lang='lat' dir='ltr'>non</span> <span class='ocrx_word' id='word_1_252' title='bbox 661 3598 917 3679; x_wconf 74' lang='lat' dir='ltr'>elimandum:</span> <span class='ocrx_word' id='word_1_253' title='bbox 944 3596 1043 3695; x_wconf 90' lang='lat' dir='ltr'>quod</span> <span class='ocrx_word' id='word_1_254' title='bbox 1059 3595 1083 3670; x_wconf 79' lang='lat' dir='ltr'>ss</span> <span class='ocrx_word' id='word_1_255' title='bbox 1098 3596 1150 3674; x_wconf 81' lang='lat' dir='ltr'>sta</span> <span class='ocrx_word' id='word_1_256' title='bbox 1172 3689 1176 3695; x_wconf 23' lang='lat'>¹</span> 
     </span>
     <span class='ocr_line' id='line_1_35' title="bbox 89 3694 1147 3803; baseline -0.012 -26"><span class='ocrx_word' id='word_1_257' title='bbox 89 3702 326 3803; x_wconf 83' lang='lat' dir='ltr'>intelligatur,</span> <span class='ocrx_word' id='word_1_258' title='bbox 353 3703 398 3775; x_wconf 90' lang='lat' dir='ltr'>ad</span> <span class='ocrx_word' id='word_1_259' title='bbox 412 3703 611 3775; x_wconf 88' lang='lat' dir='ltr'>conditoris</span> <span class='ocrx_word' id='word_1_260' title='bbox 626 3701 699 3775; x_wconf 88' lang='lat' dir='ltr'>fine</span> <span class='ocrx_word' id='word_1_261' title='bbox 719 3700 830 3773; x_wconf 91' lang='lat' dir='ltr'>dubio</span> <span class='ocrx_word' id='word_1_262' title='bbox 846 3711 1043 3774; x_wconf 85' lang='lat' dir='ltr'>revocatur</span> <span class='ocrx_word' id='word_1_263' title='bbox 1058 3694 1147 3785; x_wconf 79' lang='lat' dir='ltr'>insu·</span> 
     </span>
    </p>
   </div>
   <div class='ocr_carea' id='block_1_3' title="bbox 88 3791 1146 3993">
    <p class='ocr_par' dir='ltr' id='par_1_4' title="bbox 88 3791 1146 3993">
     <span class='ocr_line' id='line_1_36' title="bbox 88 3791 1146 3975; baseline -0.001 -94"><span class='ocrx_word' id='word_1_264' title='bbox 88 3802 196 3903; x_wconf 84' lang='lat' dir='ltr'>riam,</span> <span class='ocrx_word' id='word_1_265' title='bbox 218 3801 626 3975; x_wconf 71' lang='lat' dir='ltr'>siqttidimmundumEin</span> <span class='ocrx_word' id='word_1_266' title='bbox 641 3797 828 3901; x_wconf 82' lang='lat' dir='ltr'>splendore</span> <span class='ocrx_word' id='word_1_267' title='bbox 844 3820 966 3882; x_wconf 77' lang='lat' dir='ltr'>aarum</span> <span class='ocrx_word' id='word_1_268' title='bbox 980 3791 1146 3972; x_wconf 50' lang='lat' dir='ltr'>cntlcrcpufflis</span> 
     </span>
     <span class='ocr_line' id='line_1_37' title="bbox 615 3922 642 3993; baseline 0 0"><span class='ocrx_word' id='word_1_269' title='bbox 615 3922 642 3993; x_wconf 88' lang='grc'>4</span> 
     </span>
    </p>
   </div>
   <div class='ocr_carea' id='block_1_4' title="bbox 0 0 1254 4254">
    <p class='ocr_par' dir='ltr' id='par_1_5' title="bbox 0 0 1254 4254">
     <span class='ocr_line' id='line_1_38' title="bbox 0 0 1254 4254; baseline 0 5"><span class='ocrx_word' id='word_1_270' title='bbox 0 0 1254 4254; x_wconf 95' lang='lat' dir='ltr'> </span> 
     </span>
    </p>
   </div>
  </div>
 </body>
</html>
