2498 4254
77 256 136 346 ar
324 192 943 333 ὀνῐςνννν
1163 333 1170 438 i

78 422 182 503 bium
199 416 292 496 enim
303 438 382 494 non
399 416 450 492 est
464 419 550 511 quin
567 412 648 491 sinis
664 404 769 511 ipsius
783 418 820 491 in
835 408 1042 491 diuersrtate
1053 373 1138 487 ruffi·
1165 464 1170 539 1

81 535 123 600 ta
136 520 252 596 adhuc
272 520 497 594 &varietate
513 518 744 611 reperiendus
762 517 824 609 fit,
846 538 927 614 ,quae
944 512 1072 608 utique
1086 530 1139 596 vt·
1162 577 1170 604 ,

81 623 193 699 rietes
218 622 256 694 in
275 620 379 711 huius
402 619 522 693 mundi
548 616 620 693 sme
641 613 860 711 deprehensa
886 610 1006 691 causas
1031 607 1170 719 exiistis}

83 721 329 799 diversitatum
350 720 493 795 alterius
514 720 635 798 mundi
651 716 734 815 post
751 718 849 795 hunc
863 716 976 793 futuri
992 705 1170 812 occano-3

69 818 432 916 “uosquepraestrbit.
1157 813 1170 915 ξ

160 945 196 1013 4.
222 919 337 1017 Quod
356 919 381 994 sr
403 922 479 995 haec
500 920 549 993 ita
568 916 636 995 effe
658 918 751 993 ordo
781 914 1030 1011 disputationis
1049 902 1139 1018 inve·
1158 917 1170 1010 i]

82 1020 156 1116 nit,
181 1017 402 1113 consequens
417 1042 515 1093 nunc
529 1019 687 1112 videtur,
715 1019 882 1112 quoniam
896 1014 1020 1093 mundi
1035 1014 1140 1089 diver·
1157 1023 1170 1121 {3

82 1120 166 1201 sitas
190 1120 262 1195 sme
285 1121 502 1212 corporibus
527 1119 705 1195 subnstere
728 1140 805 1193 non
832 1116 977 1214 potest,
1018 1123 1170 1220 naun}

86 1240 278 1317 corporeae
295 1218 470 1294 discutere
495 1219 683 1296 rationem.
732 1216 791 1293 Ex
809 1221 917 1294 rebus
944 1216 1025 1312 ipsis
1049 1217 1170 1322 appui

83 1333 145 1399 ret
161 1318 260 1412 quod
277 1319 451 1395 diversam
466 1322 670 1414 variamque
686 1321 988 1415 permutationem
1004 1313 1141 1411 recipiet

85 1433 216 1497 natura
234 1440 439 1516 corporea,
465 1421 515 1492 ita
534 1435 575 1492 ut
595 1420 700 1515 posit
722 1440 768 1492 ex
795 1420 961 1495 omnibus
979 1418 1016 1491 in
1035 1409 1166 1502 omnir?

84 1519 360 1595 transformari:
394 1521 483 1593 srcut
496 1516 621 1616 (verbi
642 1520 754 1617 gratia
777 1516 947 1617 dixerim)
961 1518 1094 1615 iignum
1111 1507 1169 1594 inl.

84 1618 205 1716 ignem
223 1622 391 1712 vertitur,
420 1621 556 1715 &ignis
572 1619 609 1693 in
624 1620 774 1713 fumum,
802 1616 967 1694 &sumus
985 1618 1023 1691 in
1040 1617 1170 1710 amen}

78 1718 160 1811 ¹Sed
186 1719 221 1793 dr
244 1720 318 1793 olei
335 1722 455 1812 liquor
472 1722 510 1793 in
531 1722 650 1817 ignem
672 1734 841 1797 mutatur.
891 1715 990 1791 Escae
1011 1715 1170 1854 quoque}

85 1816 170 1915 ipsae
196 1819 259 1893 vel
289 1820 495 1906 hominum,
534 1821 596 1893 vel
623 1820 823 1895 animalium
848 1841 973 1894 nonne
999 1813 1144 1912 eamden

88 1920 368 2014 permutationis
396 1919 534 1993 causam
555 1920 762 1995 declarant?
788 1920 885 1995 Nam
906 1855 1170 2016 quodcumquti

87 2018 179 2095 illud
206 2018 256 2093 est
284 2021 382 2113 quod
407 2041 473 2115 per
499 2020 619 2095 cibum
644 2018 887 2115 sumserimus,
929 2020 966 2093 in
992 2010 1170 2112 comest-r

86 2118 204 2197 nostri
239 2116 465 2195 substantiam
495 2122 663 2195 vertitur.
716 2119 786 2193 Sed
819 2121 855 2195 u
888 2119 1040 2214 qualiter
1070 2065 1170 2276 almi

86 2229 250 2296 mutetur
271 2219 308 2291 in
330 2234 488 2314 terram,
522 2222 584 2293 vel
604 2220 641 2294 in
665 2241 807 2313 aerem,
840 2220 875 2295 dr
900 2240 960 2293 aer
982 2210 1170 2324 rursu-ir,

87 2314 222 2414 ignem,
248 2318 311 2390 vel
325 2319 416 2415 ignis
432 2320 468 2390 in
486 2340 626 2411 aerem,
651 2322 714 2393 vel
729 2342 789 2395 aer
807 2322 842 2394 in
867 2334 1158 2412 aquam,.qutu·.

86 2417 148 2489 uis
170 2436 249 2490 non
273 2413 317 2490 fit
341 2416 527 2493 difficultas
555 2440 764 2513 exponere,
789 2434 910 2495 tamen
936 2420 972 2492 in
998 2410 1147 2511 presenti

88 2514 180 2593 loto
204 2538 246 2589 ea
270 2515 396 2591 sufficit
421 2518 674 2592 tantummodo
700 2518 994 2595 commemorasse
1018 2510 1148 2604 volenti

93 2616 296 2710 corporalis
331 2618 487 2692 materiae
518 2616 694 2694 discutere
722 2622 912 2696 rationem.
970 2616 1149 2702 Materiam

16 2706 20 2717 ’
90 2717 432 2813 ergointelligimus
450 2740 527 2811 quae
547 2717 699 2811 subjesia
719 2720 770 2793 est
786 2720 1027 2816 corporibus,
1054 2714 1091 2791 id
1108 2708 1150 2807 'tii

91 2834 139 2889 ex
155 2835 224 2907 qua
236 2814 359 2889 inditis
377 2831 485 2911 atque
501 2816 639 2893 insertis
660 2821 889 2911 qualitatibus
909 2838 1069 2911 corpora
1082 2811 1150 2912 sub·

90 2912 226 2991 sistunt.
278 2916 480 3013 Qualitates
499 2932 619 2994 autern
638 2932 793 3012 quatuor
805 2920 974 2993 dicimus:
1000 2916 1149 3022 calidrqq

91 3010 278 3111 frigidam,
294 3016 447 3109 aridam,
465 3018 656 3093 humidam.
692 3020 783 3113 Quae
801 3034 958 3111 quatuor
974 3001 1167 3112 quartoue

91 3109 172 3205 dan,
189 3111 227 3187 id
240 3113 292 3189 est
307 3119 463 3190 materiae
478 3115 631 3211 insertae,
643 3117 726 3213 quia
740 3120 889 3193 materia
905 3118 1055 3213 propria
1069 3110 1151 3189 ratio

91 3230 142 3287 ne
158 3225 261 3286 extra
277 3215 341 3291 has
356 3214 425 3291 esse
436 3216 622 3290 invenitur
632 3239 717 3310 quas
735 3217 837 3311 supra
850 3220 1007 3314 ¹diximus
1018 3213 1152 3309 quatiar·

92 3323 151 3383 tes
172 3310 329 3389 diversas
350 3337 547 3412 corporum
564 3316 700 3413 species
716 3314 885 3393 efficiunt.
937 3318 1026 3393 Haec
1046 3326 1155 3389 tamen

92 3411 245 3487 materia
268 3415 429 3506 quamvis
447 3414 510 3513 (ut
533 3414 637 3511 supra
662 3416 835 3517 diximus)
855 3416 1049 3491 secundum
1073 3416 1159 3502 suan.

92 3510 280 3605 propriam
297 3516 474 3591 rationem
487 3514 561 3591 sine
577 3518 807 3609 qualitatibus
823 3518 879 3611 su,
906 3538 1099 3609 numquam
1113 3526 1156 3585 tn·

94 3628 183 3683 men
215 3608 395 3688 subsrstere
428 3632 532 3689 extra
563 3620 771 3710 qualitatem
804 3617 1001 3693 invenitur.
1062 3613 1155 3689 flare

93 3727 186 3805 ergo
208 3714 395 3791 materiam
414 3735 492 3806 quae
512 3727 612 3789 tanta
642 3717 677 3790 &
698 3718 778 3790 talis
801 3715 852 3790 est
872 3731 915 3789 ut
936 3714 1093 3791 sufficere
1118 3702 1156 3780 td

95 3808 221 3889 omnia
234 3811 358 3890 mundi
377 3835 632 3913 corporaque
654 3812 841 3893 ereneus
859 3816 1005 3909 voluit,
1031 3820 1156 3983 quasti
