2498 4254
79 159 158 252 25⁶
404 126 843 228 oaronnrs
970 182 974 195 =

80 313 242 397 inimicis
260 320 377 385 autem
393 302 631 405 potestatibus
649 304 756 385 latius
777 334 820 386 ea
835 311 870 386 dt
883 309 1048 410 longios,
1078 309 1151 389 &fi

83 418 171 497 fieri
184 411 304 511 potest
319 413 452 505 absque
465 408 540 483 ullo
554 407 627 483 fine
642 414 936 508 propagantibus.
988 412 1042 484 lta
1055 412 1153 485 deni·

86 540 163 613 que
178 514 214 587 in
230 511 414 585 avaritiam
426 508 539 603 lapsus
557 502 731 604 efficitur,
757 533 839 586 cum
856 514 974 605 primo
986 512 1153 586 homines

85 608 476 713 parumquidpecuniae
489 608 708 702 desiderant,
736 604 866 685 deinde
875 606 1087 708 augescente
1100 613 1153 685 vi·

86 720 148 793 tio
166 710 339 805 cupiditas
357 708 533 783 increscit
583 706 669 781 Post
683 711 757 783 hoc
769 712 840 802 jam
859 730 942 783 cum
959 712 1068 785 etiam
1088 732 1153 783 cae-

90 818 185 891 citaa
202 810 331 885 mentis
356 831 400 880 ex
420 808 577 902 paffione,
595 799 817 904 successerit,
843 810 993 883 inimicis
1010 811 1154 883 virtuti·

88 918 160 991 bus
177 904 441 1007 suggerentibus
455 904 807 1004 acperurgentibus,
832 912 985 1003 pecunia
992 910 1066 1002 jam
1075 930 1154 983 non

90 1010 335 1100 desderatur,
361 1005 420 1080 sed
436 1008 598 1100 rapitur,
631 1006 738 1103 bavi,
765 1024 826 1082 aut
848 1008 955 1082 etiam
975 1007 1154 1105 sanguinis

88 1108 240 1190 humani
257 1106 462 1201 profusione
483 1106 719 1198 conquiritur.
770 1104 831 1179 Ad
848 1109 1042 1183 certiorem
1058 1108 1154 1181 deni-

92 1233 165 1307 que
181 1208 234 1279 rei
249 1204 380 1299 sidem,
407 1204 506 1299 quod
517 1206 768 1280 immensitates
781 1206 854 1281 istae
869 1208 1043 1281 vitiorum
1054 1230 1076 1279 a
1089 1208 1154 1283 dae·

90 1304 264 1395 monibus
290 1304 458 1398 veniant,
491 1308 727 1400 contemplari
760 1309 866 1381 etiarn
897 1330 1017 1380 exeo
1048 1306 1156 1381 facile

93 1404 237 1509 potest,
265 1406 362 1497 quod
373 1406 466 1493 nihil
479 1407 595 1477 minus
616 1405 671 1478 his
688 1407 749 1498 qui
765 1408 1003 1500 corporaliter
1019 1429 1155 1480 vexan-

94 1525 157 1585 tur
171 1528 192 1579 a
206 1504 445 1600 daemonibus,
471 1504 576 1577 etiam
591 1506 641 1578 illi
657 1507 861 1600 patiuntur,
888 1506 949 1599 qui
961 1507 1155 1579 velimmo

96 1604 228 1685 deratis
245 1608 446 1698 amoribus,
471 1606 534 1677 vel
548 1605 609 1677 irae
628 1606 927 1699 intemperantia,
954 1609 1015 1679 vel
1033 1607 1157 1680 nimie·

94 1721 173 1785 tate
187 1700 334 1779 tristitiae
349 1720 596 1801 perurgentur.
647 1704 742 1799 Nam
756 1706 790 1778 u
802 1707 840 1779 in
855 1706 1038 1779 nonnullis
1049 1704 1157 1779 histo·

95 1808 159 1885 riis
173 1804 350 1898 refertur,
376 1806 475 1899 quod
494 1808 530 1878 in
551 1802 718 1879 insaniam
734 1806 874 1898 quidam
890 1828 935 1878 ex
955 1827 1078 1879 amore
1097 1806 1156 1879 de·

99 1907 287 1997 ciderunt,
313 1906 369 1979 alii
385 1930 429 1981 ex
443 1905 648 1996 iracundia,
674 1906 838 1979 nonnulli
857 1928 902 1978 ex
915 1904 1078 1998 tristitia,
1096 1906 1159 1977 vel

98 2008 213 2087 nimio
239 2005 393 2119 gaudio:
420 2004 519 2098 quod
546 2005 702 2077 arbitror
721 2028 767 2077 ex
793 2028 839 2079 eo
866 2006 1049 2097 accidere,
1078 2005 1162 2097 quia

103 2122 292 2181 contrarlae
315 2104 386 2178 istae
407 2106 591 2195 virtutes,
623 2103 660 2175 id
676 2103 727 2177 est
744 2105 921 2178 daemones
936 2106 1023 2177 loco
1042 2104 1106 2177 srbi
1120 2104 1159 2177 in

102 2226 229 2280 eorum
240 2206 419 2276 mentibus
437 2204 522 2275 dato
538 2223 642 2294 quem
657 2205 929 2297 intemperantia
944 2205 1041 2296 prius
1062 2217 1161 2295 pate·

100 2303 253 2393 fecerit,
280 2300 415 2375 sensum
434 2322 559 2375 eorum
577 2304 719 2395 penitus
740 2302 982 2396 possederint:
1007 2304 1161 2377 maxime

103 2424 185 2479 cum
200 2400 297 2473 nulla
308 2422 372 2473 eos
383 2400 659 2475 adresrstendum
672 2403 818 2476 virtutis
833 2404 1160 2499 gloriaconcitarit

181 2522 212 2593 3.
239 2501 352 2600 Quod
378 2515 496 2575 autem
515 2501 583 2575 smt
608 2502 765 2595 quaedam
783 2517 932 2597 peccata
955 2523 1032 2595 qnae
1048 2524 1162 2575 nona

106 2601 294 2677 contrariis
311 2601 504 2674 virtutibus
516 2602 686 2696 veniant,
712 2604 771 2676 sed
787 2626 831 2675 ex
846 2602 1067 2675 naturalibus
1080 2622 1161 2673 cor-

103 2702 204 2799 poris
219 2701 378 2775 motibus
393 2702 531 2775 initium
548 2701 704 2797 sumant,
729 2700 992 2777 manifestissime
1006 2701 1163 2775 declarat

104 2800 289 2899 apostolus
307 2800 433 2875 Paulus
451 2802 489 2875 in
510 2824 556 2875 eo
573 2802 657 2876 dum
673 2804 778 2877 dicit:
806 2808 887 2875 Caro
907 2806 1094 2895 concupiscat
1108 2805 1163 2873 ad·

103 2903 215 2993 versus
227 2905 396 3001 spirirum,
414 2902 666 2999 spiritusaurem
681 2906 831 2993 adversus
845 2929 986 2975 carnem:
1013 2903 1160 2990 haeserat

128 3029 172 3076 ue
188 3004 246 3101 fibi
268 3008 406 3073 invicem
428 3002 587 3100 assium,
612 3022 729 3075 utnon
749 3006 927 3099 quovulris
948 3007 1000 3074 ide
1020 3002 1161 3087 facietis.

101 3032 142 3181 §i
157 3124 243 3201 ergo
257 3125 343 3177 caro
360 3100 581 3200 concupiscit
592 3101 759 3177 adversus
771 3104 945 3196 spiritum,
973 3102 1162 3196 &spiritus

106 3202 275 3279 adversus
292 3225 454 3301 carnem,
481 3202 532 3275 est
548 3204 654 3277 nobis
673 3203 861 3294 aliquando
879 3201 1087 3275 colludatio
1106 3202 1162 3275 ad·

105 3308 231 3378 versus
249 3326 391 3379 carnem
414 3303 688 3399 &sanguinem,
713 3304 749 3376 id
770 3302 820 3376 est
834 3325 913 3376 cum
930 3304 1094 3375 homines
1112 3302 1163 3373 su-

106 3426 208 3495 mus,
234 3402 474 3479 &secundum
494 3423 636 3477 carnem
659 3405 900 3495 ambulamus,
932 3402 967 3474 u
985 3424 1067 3476 cum
1087 3422 1165 3475 non

105 3501 288 3604 possumus
302 3503 432 3578 tentari
447 3504 483 3577 in
496 3503 689 3595 majoribus
704 3503 964 3575 tentationibus
982 3523 1086 3595 quarn
1100 3500 1164 3573 bu·

105 3604 239 3697 enanis,
267 3626 346 3680 cum
370 3604 499 3676 dicitur
522 3601 566 3675 de
589 3603 722 3676 nobis:
753 3599 904 3675 ‘narratio
922 3630 976 3673 vos
999 3628 1067 3672 non
1089 3626 1165 3672 com-

104 3705 281 3803 prehendat
298 3706 359 3801 nrfi
376 3706 527 3775 humana.
584 3705 703 3775 Fidelis
716 3720 819 3773 autem
841 3708 928 3774 Deus
943 3709 1000 3797 qui
1018 3727 1085 3773 non
1096 3722 1166 3797 per-

106 3813 218 3881 aieret
239 3830 297 3879 vos
319 3808 443 3881 tentari
455 3806 556 3905 [upra
571 3808 604 3879 ir
620 3805 699 3904 quad
710 3803 848 3905 parastis.
898 3801 1000 3877 Sicut
1015 3803 1115 3919 eninr
1128 3801 1164 3881 hi

1055 3924 1117 3997 qur
