2498 4254
230 125 312 203 DE
358 121 961 227 rulucrru18,1.lulv
1048 154 1118 231 351
1214 58 1217 63 Ι

119 310 202 383 -;ις
223 288 298 363 sed
318 288 557 382 quoniamst
546 310 584 361 m
598 234 764 363 omnibus
784 289 981 365 indumenti
994 291 1119 391 buius,

56 390 104 467 sd
116 391 166 467 est
176 389 330 465 historrae
341 389 428 483 legrs
438 386 557 462 furiiet
568 388 822 481 consequentia
832 348 1121 469 custodtauor

63 493 114 571 do
131 489 312 578 servatus,
336 487 508 562 habentes
524 491 770 561 continuatum
784 489 1024 586 intelligentia
1041 514 1120 589 cur·

63 590 165 683 sum,
190 610 267 661 non
282 588 407 677 utique
422 587 645 661 crederemus
664 585 733 661 esse
746 588 923 680 aliquidrn
937 584 1118 685 scripturis

58 644 189 764 sandi’is
205 684 435 780 intrinsecus,
460 700 588 779 praeter
601 688 674 760 hoc
690 682 789 779 quod
805 690 917 780 prima
930 689 1076 764 fronte
1066 714 1118 766 m·
1217 706 1222 717 ·

59 790 269 878 dicabatur,
295 782 482 859 inclusum:
506 786 570 859 ista
587 786 632 869 de
649 786 751 860 causa
763 790 974 881 procuravit
994 790 1117 867 divina

47 887 133 982 sap'
123 888 233 960 tentia
246 884 464 973 offendicula
479 884 658 978 quaedam,
685 887 744 959 vel
762 886 1076 980 intercapedines
1066 911 1119 964 rn
1218 942 1222 949 -

54 986 268 1089 telbgentiae
283 966 360 1057 fieri
376 983 581 1058 historialis.
605 985 822 1078 imposiibilia
843 988 998 1079 quadam
1016 988 1118 1065 &in-

63 1085 321 1163 convenientia
338 1103 402 1178 per
424 1084 578 1159 medium
592 1082 805 1158 inserendo:
836 1100 878 1157 ut
898 1087 1117 1181 interruptio

57 1185 134 1279 ip'sa
166 1184 379 1257 narrationis
412 1184 516 1256 velut
550 1182 711 1257 obicibus
746 1184 951 1276 quibusdam
983 1188 1118 1283 legenti

57 1282 195 1357 resistat
217 1284 278 1355 ob
265 1280 391 1376 pestis,
418 1281 545 1374 quibus
566 1282 806 1379 intelligentiae
829 1284 933 1376 hujus
959 1289 1116 1382 vulgaris

58 1386 133 1458 iter
151 1403 192 1456 ac
206 1383 389 1454 transitum
407 1395 539 1478 neget,
567 1382 602 1455 u
622 1381 785 1456 exclusos
807 1404 875 1456 nos
887 1405 935 1456 ac
955 1384 1116 1483 recuiios

57 1494 218 1555 revocet
230 1482 273 1555 ad
289 1481 454 1575 alterius
444 1482 583 1557 mitium
594 1482 684 1575 viar,
710 1482 814 1555 utica
827 1483 981 1557 celsioris
1000 1486 1116 1576 cujus,-

55 1582 141 1657 dam
160 1580 196 1653 dr
216 1580 459 1667 eminentioris
475 1583 623 1655 tramitis
638 1601 703 1674 per
722 1581 855 1679 angusti
875 1584 970 1657 callis
987 1582 1117 1679 ingres·

58 1680 134 1755 sum
161 1677 363 1754 immensam
392 1680 520 1753 divinae
550 1678 703 1753 scientiae
726 1680 948 1755 latitudinem
971 1684 1116 1775 pandat.

62 1781 226 1874 Oportet
246 1792 362 1852 autem
384 1780 489 1851 etiam
502 1774 592 1852 illud
604 1799 671 1851 nos
687 1775 794 1873 scire,
821 1780 902 1871 quia
918 1802 998 1854 cum
1019 1782 1117 1874 prin·

62 1880 222 1973 cipaliter
236 1876 439 1973 prospectus
453 1877 497 1950 stt
513 1878 657 1972 Spiritui
670 1877 787 1951 sandto
797 1879 1037 1994 intelligentia
1049 1879 1116 1974 spi·

56 1979 175 2053 ritulis
198 1977 487 2069 consequentiam
507 1976 706 2070 custodire,
739 1979 831 2051 vel
819 1999 858 2051 ιιι
870 1978 924 2051 his
945 2000 1021 2070 quae
1038 1980 1117 2074 geri

53 2078 222 2170 debent,
254 2079 317 2149 vel
334 2077 496 2169 quaejam
513 2074 686 2149 transsita
702 2074 807 2151 sunt:
839 2077 947 2150 srcubi
972 2076 1115 2192 quidem

53 2178 198 2265 invenit
216 2197 257 2248 ea
275 2198 351 2268 quae
371 2174 561 2249 secundum
582 2174 764 2251 historiam
783 2174 879 2272 gesta
904 2173 984 2250 sunt
1001 2178 1117 2269 aptari

57 2275 158 2371 poffe
175 2275 417 2371 intelligentiae
435 2271 601 2368 spiritali,
628 2276 763 2349 ordrms
774 2277 959 2367 utriusque
973 2290 1116 2363 textum
1149 2326 1152 2333 ·

57 2396 133 2449 uno
143 2376 358 2449 narratroms
367 2371 530 2447 sermone
543 2374 766 2468 composurt
791 2375 895 2449 altius
909 2373 1044 2469 semper
1061 2398 1115 2449 ar·

52 2496 186 2551 canum
203 2470 338 2549 sensum
359 2472 581 2549 recondens.-
603 2472 668 2573 'ubi
687 2489 807 2551 autem
826 2473 971 2568 spiritali
991 2473 1115 2551 conse·

954 2595 1065 2668 quen·

277 2731 704 2821 Irrnrrnrrnrro
743 2732 891 2810 novi.

56 2888 304 2968 quopropter
324 2874 508 2946 aremiora
530 2888 611 2945 ante
633 2871 762 2966 scripta
780 2873 889 2946 fuerit
902 2872 927 2967 ,'
939 2871 1112 2968 scriptura
1196 2886 1198 2891 '

56 2970 246 3049 subnexuit
274 2973 427 3047 historiae
451 2973 550 3065 quod
569 2970 697 3045 fadum
718 2994 794 3046 non
819 2987 920 3059 erat;
959 2976 1031 3046 imo
1053 2975 1114 3047 ali·

56 3075 199 3165 quando
227 3071 325 3165 quod
350 3068 430 3146 fieri
453 3092 529 3144 non
551 3085 724 3167 poterat3
752 3074 966 3164 quandoque
993 3086 1113 3149 autem

46 3174 155 3265 quod
168 3186 315 3266 poterat
331 3170 473 3265 quidem
486 3168 588 3264 fieri,
612 3169 672 3245 sed
684 3171 813 3245 factum
823 3189 941 3244 tamen
957 3193 1032 3243 non
1048 3172 1111 3249 est.

53 3273 205 3347 Accidit
229 3275 334 3347 etiam
353 3270 544 3361 aliquando
564 3282 607 3342 ut
621 3293 743 3363 paucae
759 3269 952 3361 interjestae
974 3271 1041 3343 srnt
1061 3273 1113 3349 dr·-

54 3371 193 3446 itiones
209 3372 378 3463 veritati,
403 3370 486 3443 fiad
499 3389 632 3465 corpus
649 3368 806 3466 species,
832 3391 908 3443 non
926 3369 1112 3447 consenta-
1132 3388 1134 3392 ‘

46 3492 142 3546 meae.
192 3470 256 3545 Est
274 3472 337 3543 ubi
352 3471 472 3544 multae
486 3470 690 3561 hujusmodi
710 3470 801 3543 sunt
852 3468 948 3543 Idem
965 3468 1044 3543 fere
1053 3471 1114 3563 jta·¹

53 3570 185 3645 dicium
198 3569 242 3643 de
259 3572 339 3666 lege
361 3568 545 3643 serendum
564 3568 641 3663 est,
666 3570 728 3642 ubi
746 3567 842 3683 saepe
853 3570 1008 3661 reperias
1024 3568 1111 3663 quid

50 3666 167 3765 perse
181 3671 289 3761 utile,
317 3670 537 3761 temporibus
548 3670 633 3764 legrs
648 3670 892 3757 conveniens3
918 3668 1110 3760 aliquando

42 3782 174 3893 autem
190 3770 287 3857 nulia
303 3781 450 3868 apparet
468 3769 616 3867 utilitas
668 3768 767 3866 Quin
785 3768 1009 3880 &interdum
1020 3786 1110 3887 prar-

922 3866 1062 3965 cipiuu

53 4076 70 4137 l
