2498 4254
80 176 201 261 ur
340 156 810 239 outonurs

80 301 228 420 batur(
233 324 427 421 repudiatis
446 336 552 415 atque
565 324 713 417 depulsis
731 324 785 399 his
800 340 879 417 quae
890 342 911 399 a
923 311 1148 425 quibusdem?

20 427 23 433 ’
81 430 171 505 falso
183 426 435 520 perhibentur,
461 424 579 499 uelde
590 425 737 498 materia
750 424 836 497 Deo
851 434 1054 521 coeterna,
1072 418 1148 499 vel

82 528 128 601 de
142 527 306 623 ingenitis
319 526 517 617 animabus,
543 524 668 616 quibus
683 544 760 597 non
775 538 848 597 tam
858 520 1061 597 subsrstendi
1074 534 1146 599 nal

82 638 224 717 turam,
250 645 353 716 quam
369 624 601 715 etqualitatem
623 638 728 713 atque
744 622 944 697 ordinem-a¹
956 622 1044 697 Deo
1059 624 1144 699 inus

81 742 160 800 tum
175 724 319 798 volunt.
367 722 467 795 ‘Nam
486 722 519 795 δι
537 723 574 797 in
592 744 638 795 eo
660 724 783 795 libello
800 721 860 815 qui
876 720 1030 797 Pastoris
1052 724 1139 799 dici·

84 840 144 897 tur
170 822 301 919 Angeli
325 823 562 917 penitentie,
595 844 700 913 quem
724 822 874 897 Hermas
907 820 1142 919 constriplit,¹

81 925 132 997 ita
151 923 328 996 refertur:
358 926 463 995 Primo
484 928 623 993 omnium
647 922 756 1009 crede,
789 928 866 1020 quia
888 946 971 992 unus
989 924 1029 1019 est
1046 927 1142 995 Deus*

82 1027 141 1123 qui
172 1028 276 1094 omnia
302 1028 425 1095 creavit
450 1038 545 1121 atque
569 1023 764 1118 composuitt-
779 1026 838 1120 qui
860 1046 928 1093 cum
951 1024 1051 1094 mihil·
1066 1020 1140 1117 effic

76 1129 189 1223 prius,
216 1120 269 1215 effe
281 1120 365 1215 fecit
378 1126 503 1193 omnia:
530 1130 587 1221 qni
602 1124 639 1214 esi
657 1128 761 1191 omnia
781 1126 919 1218 capiens,
947 1123 1009 1219 lpse
1025 1148 1135 1197 veroa

80 1230 206 1294 umine
224 1226 355 1317 capitur.
373 1286 376 1291 .
405 1222 474 1295 Sed
493 1222 527 1295 u
543 1223 581 1295 in
600 1220 730 1296 Enoch
747 1223 841 1294 libro
862 1222 918 1296 his
935 1222 1057 1297 limilia
1072 1218 1138 1299 ·de·'

82 1321 293 1397 scribuntur.
341 1324 611 1395 vVerumtamen
628 1322 806 1417 usquead
828 1320 978 1415 praesens
1000 1316 1138 1399 nullum

82 1420 281 1495 sermonem
304 1422 342 1493 in
367 1421 503 1514 scriptis
516 1414 651 1495 ,sanetis
676 1421 847 1494 invenire'
862 1422 1048 1515 potuimus
1072 1442 1137 1515 per

82 1542 187 1615 quem
202 1518 353 1613 Spiritus
368 1520 503 1593 santius
520 1519 654 1593 fultura
671 1518 739 1593 esse
754 1521 818 1594 vel
829 1534 992 1593 creatura
1001 1520 1134 1597 dicere·

79 1630 160 1712 tur,
185 1640 232 1690 ne
248 1638 295 1691 eo
309 1621 447 1711 quidem
461 1619 574 1693 modo
592 1640 664 1711 quo
679 1619 723 1691 de
737 1617 907 1713 sapientia
924 1618 1061 1695 referre
1076 1620 1140 1711 Sa·¹

80 1722 266 1793 lomonem
289 1714 390 1813 snpra
415 1719 647 1811 edocuimus,
682 1721 744 1793 vel
770 1740 847 1811 quae
873 1719 920 1791 de
950 1719 1059 1812 vitu,·
1074 1715 1138 1819 velj

80 1820 228 1911 verbo,
266 1818 413 1911 aliisque
428 1819 725 1913 appellationibus
741 1816 805 1891 lilii
823 1818 894 1891 Dei
906 1818 1137 1915 intelligenda

81 1916 150 1992 elie
165 1916 403 1994 tratiavitnus.
455 1918 604 2015 Spiritus
622 1918 730 2014 igitur
746 1916 816 1991 Dei
832 1919 897 2009 qui¹
908 1914 1145 2011 superequas.

79 2018 283 2111 ferebatur,
302 2018 392 2094 ficut
402 2018 568 2113 scriptum
580 2016 631 2091 est
644 2020 680 2091 in
689 2016 869 2111 principio
881 2016 1027 2090 fatiurae
1035 2018 1147 2093 munss.

81 2118 139 2208 di,
164 2127 255 2208 puto
273 2118 371 2207 quod
384 2140 460 2190 non
474 2118 517 2190 lit
530 2116 615 2187 alius
629 2137 731 2207 quam
746 2114 894 2209 Spiritus
908 2116 1065 2210 santius,
1086 2116 1136 2193 fe·

83 2216 237 2287 cundum
256 2217 352 2305 quod
379 2238 448 2311 ego
474 2215 670 2310 intelligere
694 2213 855 2309 polium,
877 2214 967 2288 ficut
992 2214 1027 2287 ἃ
1054 2237 1138 2293 cum

80 2311 153 2408 ipsa
172 2314 255 2385 loca
271 2335 561 2408 exponeremus,
589 2312 829 2408 ostendimus,
854 2328 1068 2388 nontamen
1087 2314 1138 2395 los

3 2416 20 2427 “
85 2412 240 2487 cundum
263 2413 468 2509 historiam,
489 2411 561 2486 sed
579 2410 769 2488 secundum
786 2414 1055 2512 intelligentium
1074 2410 1140 2511 spiss

81 2513 232 2587 sitalem.
359 2536 362 2541 ·
840 2562 845 2571 ·
1128 2515 1132 2523 '

154 2734 190 2803 4.
214 2710 368 2815 Quidam
386 2709 466 2784 sane
488 2732 534 2784 ex
546 2712 812 2804 praecess'oribus
825 2710 955 2785 nostris
977 2705 1139 2805 innovo

80 2809 118 2886 T
118 2812 314 2888 estamento
342 2809 603 2904 observarunt,
637 2813 735 2905 quod
761 2811 870 2884 sicubi
893 2810 1044 2904 Spiritus
1072 2833 1139 2885 no·

80 2916 235 2988 minatur
248 2912 321 2985 sine
338 2910 536 3003 adjectione
562 2934 604 2984 ea
626 2927 704 3002 quae
719 2910 861 3005 assignet
878 2911 989 3003 qualis
1011 2911 1055 2985 stt
1072 2911 1140 3007 spi·

82 3019 194 3107 ritus,
221 3013 265 3087 cle
289 3008 407 3085 santio
432 3009 566 3103 Spiritu
597 3010 706 3085 debet
735 3010 915 3106 intelligi,
948 3022 992 3081 ut
1023 3026 1139 3106 puta,

87 3110 708 3208 Blattiusaulemspt'ritmeflchotilar,
732 3110 897 3205 gaudium,
914 3107 953 3185 U
962 3131 1047 3207 pax,
1068 3110 1139 3187 otc.

1 3262 2 3270 κ
81 3212 226 3290 Item&
242 3212 313 3285 ibit
350 3214 427 3280 Cum
450 3214 602 3304 ceperitis
621 3212 764 3307 spiriru,
795 3233 885 3280 munt
899 3234 994 3281 carne
1012 3214 1142 3307 perfici-

80 3317 174 3387 mini.
229 3310 311 3383 Nos
334 3329 426 3382 vero
455 3310 560 3383 etiam
583 3312 621 3383 in
640 3310 759 3383 veteri
781 3307 1013 3383 Testamento
1037 3323 1142 3405 puta·

81 3424 197 3485 tamus
219 3408 475 3483 distinctionem
497 3408 596 3483 istam
617 3409 720 3503 polio
742 3408 900 3504 servari,
935 3410 1025 3482 sicut
1057 3429 1143 3489 cum

83 3512 192 3584 dicit:
231 3516 300 3603 Qui
321 3513 378 3579 dat
393 3510 539 3604 spiritum
556 3512 667 3608 popue'o
694 3516 749 3604 qui
766 3509 806 3605 ιβ
824 3510 913 3601 super
936 3526 1074 3594 terrm,
1101 3510 1144 3586 U

80 3616 230 3708 {piretum
249 3612 301 3680 lis
322 3609 515 3705 quicelmus
539 3634 623 3683 eam·
674 3608 758 3682 Sine
777 3607 887 3681 dubio
907 3610 1000 3681 enim
1022 3609 1141 3683 omnis

85 3712 144 3802 qui
162 3711 275 3783 calcat
291 3722 450 3800 terram,
476 3708 513 3781 id
530 3709 580 3783 cst
594 3723 736 3782 terrena
757 3709 792 3781 δι
812 3707 1034 3802 corporalia,
1060 3724 1145 3801 par·

84 3812 198 3905 ticeps
235 3810 287 3885 est
320 3806 472 3902 Spiritus
507 3806 615 3883 senili·
646 3832 666 3882 a
703 3808 789 3883 Deo
827 3828 911 3882 eum
950 3808 1143 3979 acssiplenu

179 3956 182 3961 ·
1019 3928 1090 3980 sce-
