2498 4254
193 110 273 197 DE
322 106 663 204 PRINCIPIIS,
713 106 889 189 murt
1027 135 1085 215 95,

60 278 166 359 nsua
190 280 330 355 virtute
354 276 393 351 in
416 274 482 349 illo
507 270 581 347 fine
606 270 836 347 beatitudinis
862 268 1079 351 constitisset

60 404 103 457 os
120 394 245 455 motus
268 379 340 455 sme
358 375 469 449 dubio
491 372 628 447 rursum
647 372 804 445 varietas
824 391 1022 467 corporum
1041 374 1078 449 dr

60 482 195 565 rersrtas
215 476 479 575 prosequetur,
505 494 550 547 ex
566 494 636 565 qua
648 474 800 547 mundus
815 472 952 565 semper
971 474 1077 547 ador·

60 596 145 674 tur,
172 590 270 673 nec,
300 595 457 669 unquam
476 572 615 667 poterit
634 570 786 645 mundus
808 569 871 644 nisr
895 592 941 646 err
960 575 1077 651 varie·

60 702 144 755 eac
164 676 366 753 diuersrtate
381 673 561 749 constare:
584 672 685 765 quod
707 669 799 747 effici
818 671 920 747 nullo
943 695 1078 773 genere

61 778 133 855 test
147 796 251 854 extra
262 778 446 851 materiam
465 773 702 866 corporalem.

84 904 121 969 4.
147 878 225 974 Jam
250 897 343 950 vcro
365 874 425 967 qui
444 873 653 947 indissimiles
677 870 740 945 fibi
764 873 918 947 mundos
943 893 986 949 ac
1010 896 1076 970 per

60 982 132 1053 mia
154 999 260 1073 pares
285 974 477 1067 aliquando
502 973 649 1046 evenire
674 968 918 1068 confirmant,
955 974 1077 1051 nescio

60 1080 140 1153 ibus
159 1078 197 1151 id
215 1075 347 1171 poflint
366 1072 514 1148 asserere
530 1073 768 1149 documentis.
820 1072 857 1145 si
877 1073 973 1150 enirn
988 1076 1079 1151 srmi·

71 1200 137 1273 per
158 1178 279 1260 omnia
296 1175 449 1252 mundus
476 1171 626 1267 dicitur,
654 1173 724 1246 erit
741 1188 784 1248 ut
808 1174 939 1249 iterum
960 1176 1080 1251 Adam

60 1280 73 1351 l
95 1274 180 1352 Eva
204 1272 330 1351 eadem
353 1272 487 1349 faciant
513 1294 589 1366 quae
614 1270 801 1347 fecerunt:
827 1274 922 1350 idern
946 1274 1081 1353 iterum

60 1378 83 1449 it
102 1376 304 1469 diluvium,
330 1388 438 1466 atque
461 1372 557 1445 idem
572 1370 722 1465 Moyses
744 1370 880 1449 rursum
900 1378 1079 1471 populum
1136 1394 1139 1399 '

60 1492 177 1551 rcenta
194 1473 272 1548 fere
286 1474 394 1549 millia
415 1493 566 1551 numero
592 1473 723 1545 educet
739 1494 786 1546 ex
805 1471 992 1570 AEgypto:
1017 1476 1039 1573 J
1064 1518 1079 1533 ·

60 1596 76 1649 s
99 1596 246 1669 quoque
271 1574 325 1647 bis
355 1572 555 1648 Dominum
587 1572 728 1647 tradet:
763 1571 892 1647 Paulus
919 1572 1078 1653 secundo

60 1676 245 1750 'ridentium
269 1672 487 1766 Stephanum
514 1671 726 1746 vestimenta
752 1670 927 1747 servabit:
952 1676 1080 1752 &om-

60 1796 164 1869 rquae
179 1776 218 1848 in
230 1775 298 1847 hac
315 1774 393 1846 vita
407 1771 502 1869 gesta
518 1771 616 1866 sunt,
642 1772 770 1846 iterum
788 1774 944 1868 gerenda
958 1774 1079 1851 diceri·

60 1893 92 1951 r:
117 1874 217 1968 quod
238 1895 315 1947 non
337 1885 428 1966 poto
445 1872 590 1944 ratione
611 1871 727 1963 aliqua
748 1870 849 1963 posse
867 1868 1026 1968 firmari,
1052 1876 1080 1951 sr

60 1972 148 2047 bitrii
181 1974 351 2047 libertate
387 1984 539 2067 aguntur
565 1970 708 2063 animm,
737 1970 772 2043 &
805 1972 869 2045 vel
892 1972 1090 2066 profectus·
1166 2067 1169 2074 Ι

60 2092 120 2169 or,
144 2074 208 2147 vel
229 2068 386 2147 decessus
401 2091 471 2165 pro
487 2070 687 2143 voluntatis
702 2066 769 2146 suae
790 2068 959 2148 sustinent
972 2089 1081 2167 pote·
1170 2080 1173 2085 '

60 2186 111 2249 rte.
160 2172 252 2245 Non
269 2172 363 2245 enim
382 2168 485 2244 cursu
506 2170 626 2263 aliquo
646 2169 684 2243 in
700 2168 844 2245 eosdem
863 2170 899 2246 se
922 2174 1080 2251 cuculos
1131 2219 1135 2227 ,

60 2270 93 2347 ¹st
123 2275 236 2347 multa
261 2269 386 2345 saecula
417 2272 639 2345 revolvente
677 2286 830 2367 aguntur
855 2272 1002 2369 animo,
1035 2284 1082 2349 ut

60 2390 86 2444 c
98 2385 161 2445 aut
173 2370 261 2445 illud
272 2374 335 2445 vel
351 2383 476 2467 agant,
502 2371 564 2443 vel
581 2370 748 2463 cupiant,
774 2368 835 2445 sed
850 2394 1081 2468 quocumque

60 2473 151 2565 oprii
163 2472 295 2566 ingenii
314 2471 460 2545 libertas
480 2463 696 2563 intenderit,
721 2470 787 2543 illo
803 2472 983 2567 gestorum
999 2472 1080 2549 suo·

60 2592 91 2643 m
111 2570 270 2667 dirigunt
294 2569 443 2645 cursum.
495 2570 587 2643 Tale
614 2569 709 2643 enim
734 2568 786 2643 est
810 2571 910 2662 quod
936 2574 980 2647 ab
1005 2572 1080 2651 istis

60 2670 166 2764 itur,
191 2684 234 2742 ut
250 2670 275 2743 si
292 2671 370 2763 quis
384 2670 477 2743 velit
491 2666 663 2761 asserere,
698 2670 797 2761 quod
813 2669 984 2747 frumenti
1006 2694 1081 2749 rne-

60 2790 173 2845 nnum
196 2768 223 2844 fi
245 2768 486 2863 profundatur
515 2770 553 2842 in
583 2783 740 2862 terram,
777 2768 898 2863 potest
927 2770 1009 2847 fieri
1036 2786 1082 2847 ut

60 2868 179 2944 em&
208 2872 355 2963 penitus
378 2868 559 2943 indiscreti
590 2865 749 2942 secundo
785 2870 949 2946 accidant
980 2870 1080 2947 casus

60 2988 220 3062 unorum,
245 2972 297 3042 ita
310 2980 354 3041 ut
366 2965 648 3061 unumquodque
662 2988 811 3065 granum
825 2970 929 3061 iuxta
944 2970 982 3045 id
993 2992 1082 3065 pro·

60 3064 127 3144 sum
137 3068 256 3163 jaceat
269 3065 450 3163 secundo,
476 3088 549 3159 quo
562 3071 680 3161 primo
699 3069 890 3161 aliquando
904 3069 1081 3163 dejectum

60 3190 88 3263 :,
112 3168 149 3242 dr
165 3167 295 3243 eodem
311 3168 459 3261 ordine,
486 3166 689 3260 eisdemque
706 3166 895 3264 dispersum
914 3170 958 3245 fit
976 3170 1081 3267 signis

60 3268 142 3341 ibus
161 3266 281 3343 fuerat
299 3268 415 3362 primo
437 3264 622 3342 diffusum:
649 3268 748 3359 quod
773 3269 899 3360 utique
919 3271 1082 3347 innume·
1167 3304 1172 3317 ·

60 3365 183 3442 bilibus
202 3369 370 3443 medimni
388 3368 506 3487 granis
522 3366 732 3463 impoffibile
753 3366 804 3441 est
821 3370 966 3464 prorsus
989 3374 1083 3447 acci„

60 3486 124 3562 re,
151 3469 258 3541 etiam
272 3467 297 3541 fi
311 3488 377 3563 per
393 3466 561 3543 immense
573 3467 696 3541 saecula
712 3466 950 3545 indesmenter
967 3492 1010 3545 ac
1025 3473 1081 3565 ju·

59 3586 104 3639 ur
122 3564 364 3645 effundantur.
415 3568 472 3643 Ita
488 3588 576 3665 ergo
596 3565 805 3661 impossibile
823 3570 909 3643 mihi
934 3571 1081 3645 videtur

60 3664 143 3739 dem
180 3668 331 3761 ordine,
369 3666 573 3761 eisdemque
614 3666 730 3740 modis
768 3665 1009 3763 nascentium,
1045 3669 1083 3743 dr

60 3766 265 3877 orientium,
292 3766 521 3869 &agentium
539 3765 623 3869 quid
639 3764 798 3847 secundo
813 3770 984 3853 mundum
992 3766 1081 3945 pos·
