2498 4254
205 110 209 117 ·
304 50 902 193 ouonarrouu.
1063 104 1178 210 5⁶2·

14 367 22 371 ,
82 296 240 375 corpore
261 274 375 351 suain
396 276 608 370 semetipum
634 300 701 373 an,
725 290 766 352 ut
791 277 855 371 ipsi
879 279 1024 370 dicunt,
1045 277 1139 370 iudi·

80 380 141 451 cio
160 375 407 470 supplicioque
419 378 546 453 omiisrs
561 380 678 453 tradat
690 380 728 451 in
744 376 917 473 pelliones
931 379 1139 475 ignominia

77 477 114 548 o
127 479 165 549 ln
184 478 379 570 reprobum
392 475 550 563 sensum,
575 492 617 551 ut
635 478 770 551 faciant
787 499 829 550 ea
848 499 927 569 quae
949 498 1027 552 non
1046 496 1138 551 con·

78 577 248 649 veniuntr
281 576 375 666 quasi
390 579 427 650 in
447 577 624 653 defideriis
643 576 806 650 cordium
832 574 975 653 suorum
992 597 1069 651 uon
1088 574 1140 651 es·

76 674 157 748 sent
171 675 235 748 nili
248 675 329 768 ipsis
348 676 463 759 aDeo
478 676 612 769 traditi,
624 698 745 768 neque
759 674 973 771 passionibus
985 678 1139 773 ignomi-

76 776 146 847 uiae
161 773 423 850 succubuillent
439 776 504 851 nili
520 776 641 850 traditi
655 776 784 853 aDeo,
811 795 932 868 neque
945 778 982 849 in
998 774 1137 851 sensum

75 877 273 965 reprobum
287 874 489 950 incidiffent
509 876 572 949 nisi
590 876 703 949 Deus·
716 877 799 949 illos
816 874 865 949 lic
888 875 1077 952 damnatos
1102 875 1138 947 ei

76 971 282 1049 tradidisset.
333 975 400 1049 His
424 978 508 1049 illoa
527 977 644 1070 probe
661 976 752 1049 novi
773 979 954 1049 turbatum
969 977 1012 1049 iri
1026 974 1139 1049 vehe-

75 1085 229 1146 menter.
279 1073 421 1149 Idcirco
434 1077 541 1149 alium
555 1072 739 1149 linxerunt
754 1072 876 1148 Deum
895 1076 1149 1169 praetercrea-'

73 1183 194 1245 torem
209 1175 286 1247 caeli
309 1174 342 1247 &
359 1186 466 1267 terra,
491 1176 575 1267 quia
588 1194 671 1249 cum
687 1175 863 1268 ejusmodi
876 1176 990 1248 multa
1001 1175 1039 1247 in
1055 1177 1139 1269 lege

75 1290 117 1343 ac
127 1272 316 1366 prophetis
328 1275 549 1366 invenirent,
574 1276 611 1348 in
625 1274 1140 1371 hocimpegeruntutbonum

74 1389 153 1442 non
168 1384 339 1466 putarent
352 1379 411 1466 qui
428 1394 543 1448 vocer
557 1375 734 1468 ejusmodi
751 1372 964 1469 protulillet.
1014 1372 1142 1449 Nubit

74 1489 167 1543 vero
191 1487 342 1568 propter
360 1474 467 1548 dubia
485 1495 564 1566 quae
581 1477 764 1549 movimus
782 1473 828 1547 de
845 1473 901 1547 bit
917 1473 1058 1546 verbim
1082 1473 1138 1545 Μ

71 1592 131 1639 nes
149 1575 277 1645 induras
298 1580 336 1645 iu
354 1581 585 1661 tentationem,
612 1575 662 1647 ob
674 1594 752 1665 quae
770 1574 877 1646 etiam
889 1568 1059 1666 Apostoli
1070 1590 1138 1643 vo·

72 1688 135 1743 ces
150 1673 188 1744 in
204 1673 362 1746 medium
380 1672 613 1764 adduximus,
639 1670 935 1747 considerandum
952 1668 1004 1744 est
1021 1690 1066 1743 tn
1080 1670 1137 1743 in-

75 1772 263 1844 veniamus
282 1770 404 1869 dignae
423 1793 549 1846 eorum
571 1794 648 1865 quae
673 1792 872 1868 repugnare
892 1771 1064 1843 videntur
1078 1764 1137 1843 so-

73 1866 245 1947 lutiones.
297 1871 470 1946 Arbitror
488 1872 611 1947 Deum
624 1871 775 1969 singulas
790 1870 985 1944 rationales
1004 1869 1057 1941 lta
1069 1864 1141 1943 otu

73 1964 243 2060 pensare,
275 1984 317 2043 ut
342 1973 387 2044 ad
408 1969 660 2067 sempiternam
674 1992 794 2045 earum
814 1972 926 2045 vitum
948 1966 1138 2060 respiciam

71 2066 209 2141 habent
226 2071 321 2146 enim
336 2072 408 2145 illu
422 2069 560 2166 semper
579 2072 731 2145 liberum
748 2070 951 2159 arbitrium,
978 2066 1139 2160 &spon-

71 2175 112 2239 te
127 2169 189 2241 vel
207 2170 245 2243 in
268 2171 478 2245 melioribus
504 2170 638 2245 sunt&
661 2169 857 2245 ascendunt
878 2166 1065 2261 usquequo
1089 2162 1137 2239 ad

69 2265 254 2342 bonorum
276 2272 416 2365 apicem
436 2273 693 2366 pervenerint,
719 2272 781 2343 vel
803 2270 853 2343 ob
879 2265 1142 2363 negligentiam

70 2368 177 2440 variis
191 2367 415 2445 descendunt
428 2371 546 2445 modis
568 2373 763 2445 intantum
786 2369 847 2443 vel
865 2380 1006 2441 tantum
1021 2364 1139 2439 mulos

68 2486 148 2540 rum
170 2473 363 2546 cumulum.
415 2467 468 2543 At
482 2472 653 2563 quoniam
672 2469 829 2543 celerior
845 2466 880 2541 ἀ
894 2462 1136 2559 compendio-

70 2564 141 2637 fior
156 2568 297 2641 curatio
316 2580 544 2647 contemtum
557 2569 768 2661 quibusdam
780 2565 924 2641 suorum
945 2569 1137 2661 ingenerat

67 2666 304 2758 morborum,
335 2682 377 2740 ut
399 2681 526 2742 curatu
552 2668 734 2759 facilium,
766 2686 841 2759 quo
861 2662 926 2758 lit,
958 2677 1002 2737 ut
1022 2659 1137 2735 sanati

66 2763 200 2837 iterum
218 2767 258 2841 in
278 2767 427 2840 eosdem
449 2767 633 2843 incidant:
659 2787 738 2839 non
764 2765 950 2841 aratione
976 2762 1139 2843 alienum

67 2862 138 2934 erit
155 2860 179 2935 sr
194 2865 363 2939 malitiam
383 2868 421 2938 in
436 2865 510 2939 istis
522 2863 770 2961 neglexerit&
792 2860 1027 2938 contemserit
1042 2856 1137 2937 erel-

67 2981 153 3035 cere
186 2961 220 3034 br
244 2965 295 3036 ita
314 2963 467 3039 diffundi
490 2977 532 3039 ut
561 2965 762 3039 insanabilis
784 2960 868 3055 frat,
899 2982 975 3055 quo
999 2958 1136 3041 uulua

64 3061 247 3136 immorati
260 3065 378 3156 malo,
404 3063 607 3158 &peceato
624 3068 827 3157 concupito
841 3058 1136 3137 arinaufcatnua·

66 3180 139 3255 que
153 3158 267 3235 satiati
282 3162 451 3238 damnum
467 3163 614 3239 tandem
632 3164 731 3238 litum
752 3160 933 3252 sentiant,
958 3154 1143 3251 quodque

66 3262 165 3355 prius
188 3262 344 3353 amplexi
360 3262 442 3337 sunt
463 3263 632 3356 oderint,
658 3260 838 3335 accurati
861 3256 992 3352 poffrnt
1015 3252 1135 3331 reddi·

66 3369 142 3437 tatu
158 3360 354 3437 animarum
378 3360 566 3438 sanitatem
586 3359 722 3435 firmius
751 3361 922 3434 retinere.
972 3354 1034 3433 Sic
1058 3354 1134 3427 Pro-

67 3459 199 3544 tnr'scuur
218 3512 227 3545 ,
253 3466 397 3558 quierat
414 3468 452 3533 in
467 3465 552 3554 filiis
574 3463 698 3552 lsrael,
723 3462 909 3556 concupiuit
923 3453 1135 3549 concupiſsen-

67 3561 168 3629 aiam.-
193 3563 230 3633 <5
243 3562 526 3659 kdmresflelrnr,
549 3559 668 3655 &filil
683 3560 796 3647 lsrael,
822 3556 862 3634 cl
876 3558 1035 3630 lacrima:
1060 3552 1134 3644 quis

65 3680 121 3727 nos
143 3649 259 3727 cibabit
276 3658 446 3732 carnibus?
473 3664 640 3735 Recurdutr'
649 3660 760 3753 firmus
771 3659 920 3757 pisticam,
945 3674 1018 3750 quas
1029 3645 1133 3721 eatba-

66 3778 137 3827 mus
159 3758 196 3824 in
218 3757 361 3858 AEgypto
383 3764 509 3854 gratis,
534 3757 574 3855 (5
595 3778 810 3846 cucumerum,
833 3752 875 3841 ὅ
890 3770 1063 3866 petuma
1088 3740 1131 3827 ff

566 3856 604 3935 N
620 3880 648 3935 ῃ
675 3879 701 3963 3
927 3862 1112 3949 porrorum
