2498 4254
268 124 971 265 orrnruc1n1·1s,·'r1n1v.
1075 160 1148 249 aot

87 308 371 389 Christianorum
384 308 810 407 religionisdadogmatis.
862 308 953 387 eun
966 312 1149 407 enlmper-

87 413 193 488 multi
211 413 435 507 legislatores
459 408 658 482 exstiterint
679 408 772 501 apud
791 406 941 483 Graecor
965 409 1148 487 &Barba-

86 534 153 586 ros
169 563 183 605 ,
208 511 387 584 innumeri
404 528 550 606 quoque
565 506 733 586 dotlores
751 510 814 581 vel
830 508 1036 604 philosophi
1054 515 1149 593 veri·

87 625 202 685 tatem
224 609 258 683 se
275 610 490 703 pollicentes
510 606 680 681 asserere:
711 608 847 681 nullum
864 611 1084 685 meminimus
1099 614 1150 687 le·-

86 708 295 808 gislatorem
317 706 482 782 essentum
500 707 685 801 quemdam
699 705 733 779 u
749 706 900 781 studium
923 710 1034 783 etiarn·¹
1047 726 1149 787 exte·
1178 716 1181 721 '

85 830 207 883 rarum
221 810 378 903 gentium
395 808 517 881 animis
534 805 683 899 injicere
696 803 849 899 potuisse
857 861 877 901 ,.
896 818 937 879 ut
954 808 1052 905 leges
1069 809 1146 885 suas
1235 838 1238 843 ·

85 912 149 983 vel
170 907 386 1000 susciperent
409 909 594 998 libenter,
628 908 817 979 ueletiam
847 909 946 983 omni
967 910 1073 982 animi
1097 912 1149 987 in·

84 1010 254 1083 tentione
271 1005 515 1081 defenderent.
566 1004 689 1079 Nemo
703 1026 791 1103 ergo
806 1028 883 1083 eam
900 1028 977 1099 quoe
993 1008 1055 1081 fibi
1074 1010 1149 1084 vise

87 1108 141 1183 est
157 1109 350 1179 veritatem
368 1126 446 1179 non
469 1102 582 1179 solum
598 1106 757 1199 pluribus
780 1100 855 1177 aliis
876 1107 1008 1179 exteris
1031 1110 1148 1181 natio·

86 1208 215 1295 nibus,
239 1204 298 1278 sed
316 1226 362 1277 ne
375 1206 439 1278 uni
451 1205 593 1297 quidem
609 1205 707 1301 genti
722 1206 773 1277 ita
789 1205 963 1279 insinuare
978 1220 1085 1299 atque
1095 1208 1148 1283 in·-

87 1304 278 1381 notescere
297 1306 442 1400 potuit,
467 1316 510 1376 ut
526 1306 569 1378 ad
585 1325 711 1377 omnes
730 1304 805 1395 eJus
820 1303 966 1378 scientia
986 1309 1049 1380 vel
1072 1326 1147 1383 cre·

90 1406 219 1479 dulitas
237 1405 455 1497 perveniret
506 1402 556 1476 Et
572 1404 714 1496 quidem
734 1403 887 1477 dubitari
909 1424 986 1478 non
1006 1405 1146 1501 potest,

91 1504 191 1596 quod
208 1504 432 1597 legislatores
447 1504 657 1595 optaverint
671 1500 852 1577 observari
868 1505 910 1577 ab
924 1506 1104 1600 omnibus,
1120 1506 1148 1581 fi

86 1602 169 1679 sieri
180 1600 298 1696 posset
313 1656 326 1694 ‚
351 1603 556 1677 hominibus
577 1604 674 1697 leges
692 1601 796 1695 suas,
821 1602 1019 1700 &magistri
1034 1606 1147 1679 omnl-

87 1704 157 1776 bus
172 1702 398 1775 innotescere
416 1724 494 1775 eam
508 1722 585 1795 quae
597 1700 659 1776 nbi
674 1701 749 1773 visa
763 1701 909 1796 suerat,
942 1705 1146 1781 veritatem.

88 1802 161 1875 Sed
178 1798 330 1874 scientes
351 1800 433 1893 quia
445 1800 483 1873 id
499 1802 649 1875 omniuo
667 1822 743 1873 non
766 1800 937 1893 pollent,
967 1814 1010 1874 ut
1028 1802 1145 1877 virtus

85 1902 128 1977 ln
146 1901 197 1973 eis
211 1901 327 1991 aliqua
340 1913 440 1973 tenta
454 1898 651 1973 subsisteret
666 1920 736 1990 qua
753 1900 859 1973 etiam
875 1912 1016 1973 exteras
1031 1904 1148 1976 natio·

86 2020 155 2075 nes
183 2000 226 2071 ad
248 2002 366 2096 legum
391 1997 529 2073 suarum
551 2000 613 2072 vel
634 1996 862 2074 assertionum
884 1998 1149 2077 observantiam

86 2114 360 2195 provocarent,
396 2120 446 2173 ne
476 2099 599 2172 conari
632 2096 773 2192 quidem
798 2099 871 2172 hoc
896 2112 957 2170 eut
986 2099 1148 2194 incipere

77 2197 241 2273 ¹omnino
258 2198 327 2272 ausr
345 2197 452 2292 sunt,
483 2218 532 2271 ne
546 2198 789 2293 imprudenter
811 2221 875 2273 eos
892 2200 998 2271 etiam
1018 2201 1054 2273 in
1073 2202 1148 2274 hoc

87 2295 252 2371 inefficax
274 2300 308 2370 δι
332 2299 548 2390 inexplebile
563 2310 709 2371 notaret
728 2298 922 2393 inceptum.
972 2297 1038 2372 'At'
1053 2320 1146 2375 vero

86 2398 126 2471 io
143 2396 243 2469 omni
264 2399 355 2471 orbe
372 2410 568 2489 terrarum,
595 2399 745 2471 inomni
761 2396 924 2491 Graecia,
951 2406 1058 2491 'atque
1069 2399 1147 2473 uni-

87 2496 200 2569 verns
211 2498 346 2571 'exteris
356 2496 563 2570 nationibus
578 2498 754 2571 innumeri
767 2498 1149 2592 sunt&immens1‚qui

86 2594 219 2670 relictis
234 2599 359 2688 patriis
373 2586 510 2693 legibus
527 2594 561 2668 dr
579 2596 635 2673 his
651 2610 742 2688 quos
756 2599 933 2690 putabant
948 2596 1078 2769 Deo?
1103 2598 1148 2675 ed
1205 2604 1211 2617 ‘

981 2698 1030 2769 ob
1047 2718 1098 2772 er·

315 2853 741 2933 lnrrueurrr'r'ro
777 2876 924 2933 uovr.

84 2994 233 3089 subiici,
265 2995 303 3069 hi
327 3018 431 3090 quom
455 2996 575 3072 animo
594 3009 840 3089 conceperant
859 2997 1051 3069 veritatem
1069 2984 1149 3069 ubl·

88 3118 160 3189 que
174 3108 351 3171 terrarum
369 3093 603 3169 disseminari:
636 3093 696 3170 sed
711 3109 843 3194 utpote
856 3116 933 3167 non
946 3094 1069 3167 idonei
1086 3097 1147 3187 qui

87 3196 234 3269 alterius
256 3196 384 3293 linguae
403 3195 665 3286 multarumque
682 3196 841 3291 gentium
857 3194 1020 3267 homines
1037 3194 1081 3267 ad
1096 3196 1145 3269 le·

87 3316 172 3391 gum
203 3292 341 3367 suarum
367 3292 658 3368 observationem
683 3294 718 3367 tc
742 3295 786 3366 ad
809 3293 904 3367 suam
929 3290 1147 3385 disciplinam

84 3392 339 3486 suscipiendam
360 3394 606 3488 adducerent,
645 3415 691 3466 ne
718 3390 862 3489 aggressi
896 3391 1038 3484 quidem
1066 3391 1147 3468 lirnt

84 3492 123 3567 id
138 3490 306 3581 efficere3
336 3493 532 3586 prudenter
549 3496 642 3567 enim
663 3492 902 3586 praeviderant
924 3490 960 3563 id
974 3488 1009 3564 se
1023 3491 1146 3567 conse·
1229 3526 1232 3531 ·

87 3593 149 3682 qui
160 3593 262 3666 nullo
277 3592 390 3666 modo
411 3590 522 3685 posse.
573 3592 628 3665 At
642 3590 809 3665 universa
819 3608 895 3665 tum
913 3586 1051 3664 Graecia
1067 3600 1146 3671 turb

88 3711 167 3780 quae
193 3711 257 3781 per
281 3689 485 3765 universum
511 3692 671 3766 nosbum
698 3704 872 3766 terrarum
893 3690 1019 3763 orbem
1043 3696 1146 3782 patet

63 3786 277 3888 .·ssarbura‚
304 3794 511 3870 innumeros
527 3792 636 3869 hebet
652 3793 713 3886 qui
735 3788 909 3867 derelinie
923 3788 1145 3959 pertingen-

1059 3906 1114 3959 ux
