2498 4254
267 200 345 279 un
390 170 725 301 barucrrus,
755 202 875 315 tna.
900 182 970 285 nt
1067 222 1146 307 '213

81 368 146 445 eit.
197 364 338 440 Verum
360 365 435 439 haec
455 386 522 460 pro
544 368 680 439 viribus
700 365 828 464 nostris
852 364 1069 461 disseruimus
1089 392 1145 447 ca·

80 467 240 563 pitulurn
271 462 449 559 scripturae
474 464 699 539 discutientes
725 468 761 538 in
787 488 859 558 quo
886 466 1016 541 dicitur
1040 468 1145 547 Deus

80 561 258 641 indurasse
274 585 339 647 cor
356 565 572 659 Pharaonis,
600 566 719 659 &pro
737 589 782 639 eo
807 566 906 661 quod
926 566 1054 643 diibum
1075 568 1142 643 est:

84 668 150 738 cni
164 690 231 759 crgo
251 665 345 751 uult,
371 666 550 753 miseretur,
577 664 615 741 U
634 691 722 763 quem
743 670 818 735 vau
838 669 981 739 mdurat.

164 785 220 854 15.
247 763 357 835 Nunc
382 763 565 837 videamus
591 766 697 838 etiam
724 765 767 837 de
789 766 842 838 his
870 788 948 861 quae
973 762 1144 857 Ezechiel

83 863 172 939 dicit
188 884 269 935 cum
283 865 350 935 ait:
375 862 530 956 Auferam
545 890 596 935 cor
608 866 762 959 lapideum
777 866 814 936 ab
828 870 886 953 eis,
913 864 953 945 (5
970 871 1144 937 immittam
1232 870 1236 887 ¹

82 970 126 1037 ais
143 988 196 1034 cor
219 987 389 1048 carneum,
414 980 453 1033 ur
471 969 508 1035 iu
527 962 803 1063 justificationibus
822 968 1076 1056 meisimedam,
1102 965 1143 1043 U

79 1078 231 1163 precepta
251 1088 316 1133 mea
335 1064 514 1160 custodiam.
566 1064 602 1135 Si
621 1066 713 1153 enim
736 1088 817 1138 cum
836 1066 917 1137 vult
938 1066 1060 1159 Deu8,
1083 1086 1143 1139 au·

82 1156 347 1255 fert'lapideum
364 1183 454 1254 cor,
483 1166 699 1239 &carneum
720 1164 800 1258 dat,
826 1179 869 1238 ut
889 1176 1067 1260 praecepta
1082 1162 1143 1237 sua

83 1260 297 1352 serventur,
325 1258 535 1333 &mandata
550 1262 817 1357 custodiantur,
842 1286 959 1358 neque
972 1264 1143 1337 malitiam

85 1360 224 1435 auferre
249 1360 428 1433 innostra
452 1362 635 1439 videbitur
663 1362 731 1435 else
754 1362 943 1456 potestate.
992 1361 1142 1435 Auserri

83 1460 177 1535 enim
191 1479 258 1531 cor
274 1459 450 1552 lapideum
466 1480 541 1533 non
558 1461 651 1535 aliud
674 1462 924 1555 videturesse,
950 1482 1056 1554 quam
1069 1482 1141 1534 ma·

82 1560 193 1635 litium
209 1580 279 1650 qua
299 1559 375 1651 quis
397 1559 616 1654 obduratur,
638 1561 792 1634 abscindi
813 1584 831 1634 a
849 1582 923 1658 quo
944 1560 1043 1633 Deus
1056 1560 1141 1631 vult

82 1656 214 1749 Neque
240 1657 340 1750 quod
359 1657 511 1730 mittitur
539 1680 604 1732 cor
629 1681 795 1733 carneum
821 1676 862 1733 ut
885 1662 923 1732 in
948 1659 1139 1752 prae'ceptis

83 1757 284 1831 ambuletur
301 1756 394 1849 Dei,
423 1756 657 1831 &serventur
677 1759 840 1832 mandata
858 1758 949 1850 Dei,
977 1758 1070 1831 aliud
1089 1755 1142 1830 est

81 1856 142 1931 nisr
162 1856 393 1929 obedientem
417 1853 493 1929 fieri
513 1856 636 1930 &non
658 1856 874 1931 refistentem
896 1868 1025 1929 contra
1044 1856 1140 1927 veri·

81 1968 219 2047 tatem,
247 1954 281 2026 dt
305 1968 512 2047 operantem
529 1976 641 2049 opera
660 1958 845 2030 virtutum.
896 1956 933 2028 st
954 1975 1041 2052 ergo
1063 1955 1142 2027 haec

80 2055 263 2149 promittit
276 2053 375 2126 Deus
391 2053 425 2127 se
439 2054 634 2147 fastorum,
662 2056 695 2127 dt
712 2068 899 2147 antequam
914 2051 987 2147 ipse
1003 2052 1142 2126 auferat
1243 2061 1246 2067 '

83 2174 146 2227 cor
162 2153 362 2247 lapideum,
390 2154 572 2246 deponere
584 2154 669 2228 illud
685 2177 705 2228 a
724 2156 829 2228 nobis
847 2175 922 2227 non
940 2150 1139 2246 possumus,

81 2251 302 2343 consequens
321 2251 371 2324 est
391 2254 485 2326 utin
502 2252 621 2327 nostra
638 2252 816 2348 potestate
835 2253 968 2327 nonsit
983 2238 1139 2344 abiicele

79 2352 272 2445 malitiam,
298 2350 408 2425 sedin
427 2352 524 2427 Deo.
574 2352 624 2425 Et
647 2354 777 2427 iterum
801 2352 827 2426 s1
851 2352 988 2429 nonin
1013 2348 1140 2424 nostro

80 2450 161 2527 adu
185 2449 258 2545 est,
289 2467 331 2525 ut
350 2448 418 2524 -fiat
441 2453 479 2525 in
503 2453 608 2526 nobis
634 2473 700 2526 cor
725 2472 912 2548 carneum,
945 2446 1006 2524 sed
1017 2446 1143 2622 Igolniua'

1056 2568 1089 2624 er

302 2708 725 2787 lurrnrnnrarro
760 2734 909 2787 noun.

79 2852 216 2929 livero
235 2851 322 2925 nibil
340 2850 564 2926 efficimus'ut
575 2854 654 2927 insit
669 2855 774 2927 nobis
789 2873 854 2927 cor
871 2870 1057 2945 carneum,
1077 2845 1139 2922 sed

80 2950 155 3027 Dei
174 2951 212 3023 id
234 2972 325 3044 opus
345 2950 423 3045 est,
448 2964 564 3043 neque
587 2950 746 3026 nostrum
767 2974 858 3047 opus
882 2952 949 3023 erit
964 2951 1076 3022 vitam
1092 2945 1138 3020 ad

79 3051 226 3125 viruttis
249 3070 411 3123 normam
427 3053 594 3146 exigere,
629 3050 687 3124 sed
703 3056 806 3144 plane
822 3051 982 3123 divinum
1001 3040 1137 3121 benefi-

82 3151 187 3224 cium.
240 3149 326 3223 Haec
343 3151 439 3223 dicet
453 3152 569 3242 quiex
586 3151 688 3224 nudis
703 3150 882 3243 scripture
896 3144 1018 3221 verbis
1032 3147 1137 3218 liber-

80 3264 194 3324 tatem
213 3250 348 3320 arbitrii
368 3249 488 3324 tollit:
520 3249 578 3322 sed
594 3248 883 3345 respondebimus
904 3249 979 3321 haec
996 3246 1043 3319 fic
1066 3241 1136 3319 ess'e

80 3347 330 3444 intelligenda:
356 3349 651 3440 quemadmodum
686 3351 869 3442 imperitus
906 3346 940 3418 u
971 3342 1135 3419 indoilus

82 3450 255 3543 quispiam
271 3446 413 3520 suorum
431 3448 493 3520 srbi
508 3450 682 3523 malorum
705 3446 888 3536 conscius,
915 3446 976 3543 vel
998 3466 1043 3517 ex
1064 3464 1136 3516 ma-

105 3547 176 3620 'stri
202 3546 454 3620 adhortatione
480 3550 540 3620 uel
566 3548 704 3621 aliunde
730 3545 933 3643 perpulsus,
960 3546 991 3616 ei
1016 3542 1052 3616 se
1076 3541 1136 3645 lira

78 3570 211 3743 viponte
232 3646 340 3719 tradit
360 3669 379 3719 a
401 3667 473 3739 quo
494 3643 529 3719 se
546 3661 649 3740 putat
668 3646 711 3720 ad
730 3644 945 3739 disciplinam
969 3642 1134 3731 &virtu-

80 3762 154 3821 tem
167 3744 493 3819 manudusiumiri:
521 3749 601 3841 cui,
640 3768 720 3821 cum
737 3744 774 3819 se
790 3744 1004 3836 tradiderit,
1030 3739 1134 3833 polli-

82 3860 185 3925 cetur
208 3845 597 4021 magisterimperitian&
607 3850 650 3920 ab
666 3868 713 3921 eo
731 3845 766 3925 fe
782 3848 1011 3957 ablauuuut,
1031 3842 1143 3957 §cpe-

624 3971 647 4049 3
759 3975 762 3981 ¹
906 3956 913 4003 '·
981 3956 1116 4017 sanant·
