2498 4254
168 70 171 75 ⁵
250 131 332 211 na
378 106 745 272 rimemus,-
795 131 997 215 mnrv.
1047 146 1184 233 sn·

90 302 152 375 vel
169 319 190 372 a
206 274 402 394 religiosis,
429 310 490 370 aut
516 309 622 371 certe¹
634 297 752 387 minus
771 297 840 392 piis
861 298 1070 393 parentinus
1093 290 1156 397 ge·
1179 362 1185 371 .

90 402 209 475 nerari
229 401 281 475 ita
308 411 351 470 ut
370 396 562 489 aliquando
590 399 779 493 contingat
799 395 990 474 Israelitam
1008 402 1046 472 in
1068 399 1155 493 Scy·

90 499 171 575 thas
190 496 429 593 descendere,
457 497 490 569 &
512 492 723 592 AEgyptium
740 518 935 590 pauperem
958 496 1087 572 deduci
1109 496 1154 572 ad
1173 554 1176 561 .

89 599 259 696 Judaeam.
312 598 574 671 Verumtamen
597 595 765 669 Salvator
789 594 912 670 noster
933 618 1154 694 congregare

90 699 198 773 venit
218 717 311 771 oves
331 717 409 787 quae
426 697 609 790 perierant
627 695 757 769 domus
776 693 902 770 lsrael:
921 696 962 785 vdr
977 719 1059 773 cum
1075 700 1154 792 plu«
1196 706 1198 711 '

88 798 171 872 rimi
190 818 236 870 ex
252 792 418 895 Israelitis
434 815 512 881 non
533 793 791 886 acquievissent
804 793 973 869 dossrinae
991 799 1088 889 ejus,
1114 795 1154 873 hi

71 896 151 992 'qui
175 916 221 971 ex
247 897 414 991 gentibus
438 907 561 987 erant,
597 895 722 966 vocati
748 894 839 971 sunt
891 893 1002 968 Unde
1026 895 1182 971 consa-²

88 1017 205 1090 quens
227 996 409 1067 videbitur
425 996 533 1067 etiam
549 995 761 1088 prophetias
776 1016 855 1086 quae
871 993 1012 1090 fingulis
1035 998 1154 1092 genti·

88 1099 158 1170 bus
179 1094 434 1189 proferuntur,
459 1096 628 1167 revocari
652 1097 762 1189 magis
784 1094 828 1167 ad
842 1095 975 1168 animas
995 1095 1152 1186 debere,

85 1195 124 1283 ¹lla
141 1193 296 1268 diversas
315 1193 518 1268 mansiones
537 1213 657 1268 earum
681 1191 850 1267 caelestes.
902 1191 972 1266 Sed
990 1195 1023 1267 dr
1040 1193 1152 1269 histo·

87 1297 159 1368 rias
176 1314 293 1369 rerum
315 1291 511 1388 gestarum,
538 1313 615 1384 quae
633 1293 802 1365 dicuntur
820 1295 881 1367 vel
902 1295 1003 1388 genti
1019 1291 1151 1391 Israel,

87 1396 152 1467 vel
164 1391 371 1488 Jerusalem,
397 1394 458 1465 vel
476 1391 607 1489 Judaeae
623 1390 799 1486 accidisse,
825 1393 894 1467 illis
910 1395 969 1466 vel
984 1395 1052 1466 illis
1066 1414 1153 1490 gen·

87 1493 185 1567 tibus
211 1493 524 1589 impugnantibus,
560 1490 851 1586 perscrutandum
876 1489 928 1564 est
950 1492 984 1565 dr
1011 1490 1153 1601 perqui-

86 1591 239 1667 rendum
262 1594 434 1682 quoniam
455 1594 492 1665 in
511 1592 779 1686 quamplurimis
801 1595 1041 1685 corporaliter
1054 1593 1153 1688 gesta

86 1713 167 1769 non
185 1689 353 1765 constant
371 1692 562 1784 quomodo
580 1694 689 1787 magis
710 1676 775 1765 ista
791 1693 1065 1766 conveniebant
1079 1694 1151 1769 iilis

86 1792 255 1889 gentibus
277 1792 495 1884 animarum,
521 1810 599 1884 quae
616 1792 654 1863 in
671 1791 766 1863 coelo
786 1790 854 1863 isto
879 1791 977 1881 quod
1003 1794 1162 1867 transire·

88 1891 242 1983 dicitur,
268 1890 456 1983 habitant,
481 1893 542 1962 vel
561 1891 783 1964 etiamnunc
800 1890 962 1963 habitare
982 1886 1152 1984 putandas

87 1989 183 2066 sune
233 1987 268 2062 Si
286 1991 364 2080 quis
384 2010 477 2063 vero
501 1990 714 2082 evidentes,
736 1988 773 2063 dr
790 1989 872 2063 satis
886 1989 1087 2064 manifestas
1104 1988 1154 2065 as·

86 2089 265 2164 sectiones
281 2088 412 2163 horum
430 2088 666 2185 descriptoris
682 2084 806 2163 sanctis
821 2089 994 2179 exposcat
1009 2090 1151 2180 anobis

86 2189 379 2283 respondendum
399 2186 450 2261 est
468 2189 551 2279 quia
572 2190 759 2262 occultare
776 2189 887 2285 magis
908 2189 985 2261 haec
1002 2188 1151 2282 Spiritui

85 2286 208 2363 sancto
226 2289 264 2361 in
286 2289 341 2360 his
363 2309 441 2380 quae
460 2284 888 2361 videnturessehistorrae
905 2288 1152 2386 rerumgesta·

84 2408 187 2480 rum,
213 2387 374 2460 &altius
401 2401 524 2486 tegere
545 2386 731 2473 consilium
756 2387 847 2480 fuit,
871 2388 1056 2480 inquibus
1076 2385 1151 2462 des·

88 2489 246 2563 cendere
278 2485 447 2560 dicuntur
476 2488 513 2560 in
546 2484 768 2582 AEgyptum‚
809 2489 871 2558 vel
902 2491 1078 2583 captivari
1110 2490 1152 2567 in

86 2586 356 2681 Babyloniam,
392 2589 454 2659 vel
484 2589 532 2672 in,
556 2585 611 2658 his
634 2587 724 2683 ipss
756 2586 965 2682 regionibus
1006 2585 1152 2683 quidam

88 2687 233 2781 quidem
256 2685 434 2762 humiliari
461 2687 567 2769 nimis
596 2683 718 2761 &sub
742 2683 892 2760 servitio
919 2683 1012 2760 effici
1037 2687 1152 2781 domi5

968 2804 1102 2860 norum

312 2926 739 3001 lunnnrnurnrro
779 2947 927 3000 uovn.

87 3025 199 3101 versis
216 3026 252 3100 u
268 3032 364 3101 veris
391 3028 588 3101 animarum
606 3027 798 3122 generibus
822 3025 857 3099 u
876 3024 994 3098 veluti
1013 3022 1151 3103 semini·

86 3126 156 3201 bus
174 3144 253 3219 quae
270 3148 388 3221 prope
404 3125 510 3200 lsrael
532 3127 592 3200 vel
609 3126 739 3221 procul
758 3125 861 3216 sunt,
895 3126 1151 3217 contin-entur}

86 3224 147 3300 sed
165 3225 198 3299 u
217 3225 404 3300 descensus
420 3226 458 3298 in
480 3222 680 3322 AEgyptum
696 3223 918 3321 septuaginta
934 3224 1153 3329 animarum'5

86 3339 129 3400 ut
142 3328 193 3401 ibi
211 3326 254 3399 ad
269 3324 537 3402 multitudinem
551 3324 732 3402 stellarum
748 3321 830 3397 coeli
844 3337 1050 3421 augeantur.
1075 3324 1152 3400 Vc&

697 3450 703 3469 ,
1019 3442 1100 3500 rum

88 3609 182 3673 mas,
215 3591 256 3656 sis
280 3587 445 3657 animabus
469 3612 538 3684 qua
568 3588 603 3658 de
622 3587 779 3685 superiori
804 3583 875 3655 coelo
896 3584 938 3655 ad
961 3583 1067 3683 nostra
1089 3560 1177 3659 hai,

88 3685 227 3759 bitunia
244 3693 462 3783 pervenientes
486 3691 702 3786 quodammodo
720 3700 850 3774 momen
862 3683 962 3772 sunt,
998 3686 1156 3781 prudenti

88 3785 328 3885 inocssigciinu
344 3790 527 3863 rimandum
542 3789 604 3888 ess,
628 3811 674 3862 an
686 3787 748 3879 ‚loc
767 3784 868 3889 psum
881 3778 1033 3891 ptffimus
1055 3790 1152 3902 esim
1193 3860 1196 3865 .

1062 3906 1191 3959 sau-³.
