2498 4254
237 151 969 253 mla-ortamque„
1056 170 1130 257 575

68 346 154 403 nam
170 319 286 400 deerit
302 323 608 412 imbecillitatem,
633 339 715 395 cum
726 319 983 416 perfecerimus
997 336 1076 413 quae
1091 325 1132 400 in

68 429 176 502 nobis
202 425 284 499 sunt
307 425 454 508 omnia,
480 417 517 494 id
535 418 746 513 adimplebit
766 421 895 513 Deus,
920 424 982 513 qui
999 424 1132 515 diligen.

69 529 161 598 tibur
169 529 204 614 se
222 531 326 595 emnia
349 539 528 619 cooperetur
548 527 585 591 in
607 521 737 609 maun,
761 523 913 617 iisquos
934 519 1131 599 secundum
1198 587 1201 591 ,

68 619 323 701 veracissimam
337 618 433 699 suam
450 618 708 719 prescientiam
729 621 902 717 quidquid
916 619 1028 698 futuri
1048 623 1130 699 sunt

68 725 242 821 praevidit.
721 748 726 757 ’
894 742 898 754 ·

85 1176 89 1182 -
144 1136 201 1214 30.
226 1117 384 1196 Videtur
402 1116 489 1197 mihi
504 1114 621 1193 Lucas
632 1113 687 1193 his
700 1113 842 1212 verbis,
866 1139 907 1192 ne
922 1140 978 1192 nm
996 1114 1131 1197 taleme

68 1223 349 1309 intentationem,
376 1222 482 1294 etiam
501 1217 785 1314 reipsadocuiffe
801 1220 911 1294 illude
938 1220 1057 1293 Libera
1069 1243 1128 1293 nar

68 1323 206 1399 amaia.
255 1320 305 1393 Et
321 1321 363 1394 ad
389 1316 601 1418 discipulum
620 1320 789 1412 quidem,
816 1322 950 1415 quippe
971 1320 1033 1414 qul
1055 1320 1130 1412 jam
1221 1396 1223 1401 .

68 1422 287 1517 profecerat,
312 1415 566 1495 verifimileest
579 1414 779 1495 Dominum
793 1420 1131 1515 percompendiurn

68 1519 167 1596 fuiffe
184 1523 372 1610 locutum3
398 1516 441 1593 ad
456 1520 633 1614 populum
645 1532 766 1593 autem
781 1519 839 1591 cui
855 1518 1042 1614 perspicua
1056 1540 1130 1593 ma·

68 1624 118 1717 gis
149 1618 310 1695 taurina
332 1640 426 1714 opus
452 1617 559 1709 esset,
598 1616 767 1712 apertius.
832 1615 981 1691 Liberat
1007 1632 1129 1695 autem

68 1741 137 1794 nos
155 1742 175 1792 a
190 1718 286 1794 malo
304 1718 428 1805 Deus,
454 1740 531 1793 non
547 1734 629 1791 cum
645 1719 749 1789 nullo
766 1733 835 1791 nos
853 1718 1052 1807 certamine
1062 1719 1130 1791 ini·

68 1821 182 1893 micus
207 1819 409 1915 aggreditur
436 1816 621 1909 quibusvis
639 1814 774 1891 artibus
795 1817 883 1908 iltis,
909 1814 1130 1893 &ministris

68 1920 270 1991 voluntatis
286 1916 376 2006 suar
401 1914 460 1989 sed
475 1935 557 1989 cum
575 1918 782 2010 vincimus,
808 1916 975 1990 adversus
989 1938 1033 1990 ea
1049 1936 1128 2009 quae

68 2016 237 2091 accidunt
266 2016 410 2089 fortiter
440 2012 580 2091 stando.
642 2013 701 2089 Sic
731 2016 928 2111 accipimus
954 2016 989 2090 dt
1015 2014 1130 2091 illuda
1174 2072 1177 2076 .

68 2117 188 2189 Multa
213 2116 436 2189 tribulationes
451 2116 625 2215 justorum
650 2114 688 2191 (Ἰ
716 2117 751 2187 de
773 2117 917 2188 omnibus
939 2118 993 2187 bit
1010 2118 1129 2188 liberat

68 2235 123 2292 res.
176 2216 323 2290 Liberat
348 2215 444 2289 enim
461 2210 761 2289 tribulationibus
775 2215 889 2291 Deus
914 2235 992 2305 nen
1015 2220 1066 2291 ita
1087 2224 1131 2289 ut

68 2313 318 2391 tribulationes
351 2315 500 2410 amplius
527 2331 608 2391 non
635 2316 831 2412 ingruant,
866 2313 1064 2410 siquidem
1092 2316 1129 2390 dc

68 2412 197 2489 Paulus
217 2416 292 2489 ait:
328 2419 370 2488 In
401 2414 543 2489 omnibus
567 2415 806 2488 tribulationem
828 2424 995 2512 patimur,
1031 2414 1130 2508 quass

68 2533 258 2609 numquam
274 2514 350 2589 fine
374 2516 609 2591 tribulatione
634 2512 763 2591 samusa
787 2514 849 2591 sed
872 2537 954 2593 cum
979 2516 1131 2591 tribula·

68 2617 209 2691 tionem
222 2612 304 2708 paffi
323 2617 517 2691 auxiliante
534 2616 620 2689 Deo
639 2636 717 2691 non
733 2614 990 2711 angustiamur:
1016 2617 1131 2691 tribu·

68 2714 155 2786 latio
181 2710 276 2789 enirn
299 2715 457 2789 Hebraeo
477 2715 636 2807 quodam
653 2730 757 2791 mere
774 2714 811 2789 id
832 2713 1006 2812 fignificat
1028 2707 1131 2808 quod

68 2825 198 2888 contra
227 2814 456 2889 voluntatem
481 2813 666 2889 adversum
686 2812 862 2901 obvenit,
885 2811 1046 2910 angustia
1069 2833 1138 2887 au·-

68 2928 141 2988 tem
157 2911 289 3001 dicitur
304 2915 350 2987 de
367 2934 415 2985 eo
433 2916 494 3005 qui
511 2912 642 3007 sponte
658 2910 883 2987 tribulationi
904 2917 1003 2989 cedit
1027 2913 1062 2989 dt
1081 2910 1137 2989 ab·

68 3034 110 3090 ea
129 3016 298 3089 vincitur.
348 3010 459 3087 Unde
481 3011 577 3087 reite
595 3010 724 3085 Paulus
740 3013 816 3101 aits
841 3015 885 3089 In
902 3013 1045 3087 amnibus
1062 3018 1131 3103 tei·¹

68 3117 258 3188 bulationem
270 3116 434 3211 patimur,
452 3115 507 3203 sed
521 3136 587 3185 non
601 3113 837 3209 angustiamur,
862 3118 922 3188 cui
938 3111 1048 3189 fintile
1064 3131 1130 3207 pu·

68 3212 195 3293 tuelle
210 3210 310 3309 quod
326 3214 365 3299 in
376 3212 524 3308 ,psalmis
541 3211 700 3288 dicitur:
717 3216 768 3289 ¹ln
786 3214 995 3289 tribulatione
1010 3214 1139 3289 dilate·-
1192 3252 1195 3267 =

68 3316 209 3411 mentm.
259 3314 412 3389 Auxilio
429 3316 525 3388 enim
542 3312 576 3384 bc
591 3310 776 3406 prasentia
791 3313 996 3389 consuturis
1011 3313 1129 3389 serva·

68 3419 229 3508 terisque
253 3413 366 3489 nostri
385 3412 487 3487 verbi
510 3412 582 3487 Dei
603 3413 765 3487 alacritas
790 3417 916 3489 anima
939 3414 1068 3489 nostre
1090 3412 1127 3487 dt

68 3517 304 3609 tranquillitas
325 3516 565 3589 calamitatum
589 3524 757 3607 ternpore
775 3536 794 3586 a
813 3513 898 3588 Deo
921 3516 1126 3589 obveniens

68 3616 230 3691 dilatatio
248 3629 414 3691 vocatur.
464 3612 634 3689 Similiter
657 3613 764 3708 igitur
786 3616 948 3707 aliquisa
970 3616 1067 3695 melo
1084 3614 1128 3685 li-

68 3712 183 3792 berari
210 3712 466 3811 intelligendus
498 3708 560 3791 est.
599 3707 684 3808 ·Job
712 3714 880 3789 liberavit
912 3713 1015 3789 Deus
1046 3724 1127 3784 non

68 3810 169 3912 quod
186 3813 293 3893 Satan
316 3816 500 3895 licentiam
515 3833 595 3895 non
616 3816 800 3911 acceperit
816 3815 856 3891 in
874 3812 940 3893 has
951 3806 1126 3982 -augxigar
