<?xml version="1.0" encoding="UTF-8"?>
<!DOCTYPE html PUBLIC "-//W3C//DTD XHTML 1.0 Transitional//EN"
    "http://www.w3.org/TR/xhtml1/DTD/xhtml1-transitional.dtd">
<html xmlns="http://www.w3.org/1999/xhtml" xml:lang="en" lang="en">
 <head>
  <title>
</title>
<meta http-equiv="Content-Type" content="text/html;charset=utf-8" />
  <meta name='ocr-system' content='tesseract 3.04.00' />
  <meta name='ocr-capabilities' content='ocr_page ocr_carea ocr_par ocr_line ocrx_word'/>
</head>
<body>
  <div class='ocr_page' id='page_1' title='image "./operaomniasanct08unkngoog_0373.png"; bbox 0 0 2498 4254; ppageno 0'>
   <div class='ocr_carea' id='block_1_1' title="bbox 257 146 1145 275">
    <p class='ocr_par' dir='ltr' id='par_1_1' title="bbox 257 146 1145 275">
     <span class='ocr_line' id='line_1_1' title="bbox 257 146 1145 275; baseline 0.003 -47"><span class='ocrx_word' id='word_1_1' title='bbox 257 150 337 229; x_wconf 77' lang='lat' dir='ltr'><em>ne</em></span> <span class='ocrx_word' id='word_1_2' title='bbox 384 148 727 247; x_wconf 72' lang='lat' dir='ltr'><em>paruerant,</em></span> <span class='ocrx_word' id='word_1_3' title='bbox 776 146 978 237; x_wconf 74' lang='lat' dir='ltr'><em>elatu:</em></span> <span class='ocrx_word' id='word_1_4' title='bbox 1075 174 1145 275; x_wconf 59' lang='lat'><em>24¹</em></span> 
     </span>
    </p>
   </div>
   <div class='ocr_carea' id='block_1_2' title="bbox 82 310 1175 985">
    <p class='ocr_par' dir='ltr' id='par_1_2' title="bbox 82 310 1175 985">
     <span class='ocr_line' id='line_1_2' title="bbox 82 310 1148 407; baseline -0.001 -18"><span class='ocrx_word' id='word_1_5' title='bbox 82 325 165 391; x_wconf 80' lang='lat' dir='ltr'><em>tum</em></span> <span class='ocrx_word' id='word_1_6' title='bbox 181 313 231 388; x_wconf 87' lang='lat' dir='ltr'><em>est</em></span> <span class='ocrx_word' id='word_1_7' title='bbox 245 317 358 389; x_wconf 87' lang='lat' dir='ltr'><em>enim:</em></span> <span class='ocrx_word' id='word_1_8' title='bbox 385 318 463 387; x_wconf 89' lang='lat' dir='ltr'><em>Non</em></span> <span class='ocrx_word' id='word_1_9' title='bbox 477 314 655 407; x_wconf 80' lang='lat' dir='ltr'><em>infrenabis</em></span> <span class='ocrx_word' id='word_1_10' title='bbox 665 314 770 383; x_wconf 82' lang='lat' dir='ltr'><em>bovem</em></span> <span class='ocrx_word' id='word_1_11' title='bbox 786 320 1011 385; x_wconf 78' lang='lat' dir='ltr'><em>triturantem.</em></span> <span class='ocrx_word' id='word_1_12' title='bbox 1035 310 1148 389; x_wconf 86' lang='lat' dir='ltr'><em>Tunc</em></span> 
     </span>
     <span class='ocr_line' id='line_1_3' title="bbox 84 410 1147 509; baseline 0 -22"><span class='ocrx_word' id='word_1_13' title='bbox 84 412 216 506; x_wconf 79' lang='lat' dir='ltr'><em>deinde</em></span> <span class='ocrx_word' id='word_1_14' title='bbox 246 415 436 505; x_wconf 86' lang='lat' dir='ltr'><em>explanans</em></span> <span class='ocrx_word' id='word_1_15' title='bbox 467 414 618 505; x_wconf 81' lang='lat' dir='ltr'><em>qualiter</em></span> <span class='ocrx_word' id='word_1_16' title='bbox 646 427 863 509; x_wconf 80' lang='lat' dir='ltr'><em>preceptum</em></span> <span class='ocrx_word' id='word_1_17' title='bbox 881 410 972 486; x_wconf 88' lang='lat' dir='ltr'><em>istud</em></span> <span class='ocrx_word' id='word_1_18' title='bbox 997 412 1147 487; x_wconf 90' lang='lat' dir='ltr'><em>deberet</em></span> 
     </span>
     <span class='ocr_line' id='line_1_4' title="bbox 83 502 1148 611; baseline -0.004 -22"><span class='ocrx_word' id='word_1_19' title='bbox 83 512 261 607; x_wconf 82' lang='lat' dir='ltr'><em>intelligi,</em></span> <span class='ocrx_word' id='word_1_20' title='bbox 289 512 385 585; x_wconf 89' lang='lat' dir='ltr'><em>addit</em></span> <span class='ocrx_word' id='word_1_21' title='bbox 398 514 540 586; x_wconf 84' lang='lat' dir='ltr'><em>dicens:</em></span> <span class='ocrx_word' id='word_1_22' title='bbox 567 516 734 611; x_wconf 80' lang='lat' dir='ltr'><em>Numquid</em></span> <span class='ocrx_word' id='word_1_23' title='bbox 752 517 786 584; x_wconf 82' lang='lat' dir='ltr'><em>de</em></span> <span class='ocrx_word' id='word_1_24' title='bbox 798 512 889 583; x_wconf 77' lang='lat' dir='ltr'><em>bolus</em></span> <span class='ocrx_word' id='word_1_25' title='bbox 906 537 980 584; x_wconf 85' lang='lat' dir='ltr'><em>curo</em></span> <span class='ocrx_word' id='word_1_26' title='bbox 998 514 1038 611; x_wconf 64' lang='lat' dir='ltr'><em>‘fl</em></span> <span class='ocrx_word' id='word_1_27' title='bbox 1050 502 1148 585; x_wconf 59' lang='lat' dir='ltr'><em>&#39;Deod</em></span> 
     </span>
     <span class='ocr_line' id='line_1_5' title="bbox 84 607 1147 711; baseline -0.002 -24"><span class='ocrx_word' id='word_1_28' title='bbox 84 613 145 687; x_wconf 85' lang='lat' dir='ltr'><em>An</em></span> <span class='ocrx_word' id='word_1_29' title='bbox 158 628 287 709; x_wconf 82' lang='lat' dir='ltr'><em>propter</em></span> <span class='ocrx_word' id='word_1_30' title='bbox 300 637 358 683; x_wconf 88' lang='lat' dir='ltr'><em>nos</em></span> <span class='ocrx_word' id='word_1_31' title='bbox 376 618 484 711; x_wconf 69' lang='lat' dir='ltr'><em>utique</em></span> <span class='ocrx_word' id='word_1_32' title='bbox 499 607 598 686; x_wconf 79' lang='lat' dir='ltr'><em>dicit?</em></span> <span class='ocrx_word' id='word_1_33' title='bbox 625 616 757 711; x_wconf 81' lang='lat' dir='ltr'><em>Propter</em></span> <span class='ocrx_word' id='word_1_34' title='bbox 771 638 826 684; x_wconf 87' lang='lat' dir='ltr'><em>nos</em></span> <span class='ocrx_word' id='word_1_35' title='bbox 841 614 1085 709; x_wconf 82' lang='lat' dir='ltr'><em>enimscriptum</em></span> <span class='ocrx_word' id='word_1_36' title='bbox 1094 610 1147 699; x_wconf 72' lang='lat' dir='ltr'><em>ed,</em></span> 
     </span>
     <span class='ocr_line' id='line_1_6' title="bbox 84 704 1175 811; baseline -0.002 -28"><span class='ocrx_word' id='word_1_37' title='bbox 84 704 162 811; x_wconf 77' lang='lat' dir='ltr'><em>quio</em></span> <span class='ocrx_word' id='word_1_38' title='bbox 178 714 262 782; x_wconf 80' lang='lat' dir='ltr'><em>debet</em></span> <span class='ocrx_word' id='word_1_39' title='bbox 276 715 333 811; x_wconf 79' lang='lat' dir='ltr'><em>qui</em></span> <span class='ocrx_word' id='word_1_40' title='bbox 350 728 425 783; x_wconf 84' lang='lat' dir='ltr'><em>arat</em></span> <span class='ocrx_word' id='word_1_41' title='bbox 446 717 484 783; x_wconf 92' lang='lat' dir='ltr'><em>in</em></span> <span class='ocrx_word' id='word_1_42' title='bbox 504 714 555 807; x_wconf 80' lang='lat' dir='ltr'><em>spe</em></span> <span class='ocrx_word' id='word_1_43' title='bbox 573 739 685 806; x_wconf 82' lang='lat' dir='ltr'><em>urere,</em></span> <span class='ocrx_word' id='word_1_44' title='bbox 711 712 749 789; x_wconf 73' lang='lat'><em>(5</em></span> <span class='ocrx_word' id='word_1_45' title='bbox 772 717 829 811; x_wconf 79' lang='lat' dir='ltr'><em>qui</em></span> <span class='ocrx_word' id='word_1_46' title='bbox 856 718 1015 799; x_wconf 80' lang='lat' dir='ltr'><em>triturat,</em></span> <span class='ocrx_word' id='word_1_47' title='bbox 1042 719 1077 781; x_wconf 87' lang='lat' dir='ltr'><em>in</em></span> <span class='ocrx_word' id='word_1_48' title='bbox 1093 712 1148 809; x_wconf 75' lang='lat' dir='ltr'><em>spe</em></span> <span class='ocrx_word' id='word_1_49' title='bbox 1171 732 1175 739; x_wconf 82' lang='lat'>·</span> 
     </span>
     <span class='ocr_line' id='line_1_7' title="bbox 83 806 1146 985; baseline -0.001 -103"><span class='ocrx_word' id='word_1_50' title='bbox 83 813 286 985; x_wconf 51' lang='lat' dir='ltr'><em>percipiendi.</em></span> <span class='ocrx_word' id='word_1_51' title='bbox 336 810 406 885; x_wconf 87' lang='lat' dir='ltr'><em>Sed</em></span> <span class='ocrx_word' id='word_1_52' title='bbox 428 811 547 885; x_wconf 88' lang='lat' dir='ltr'><em>&amp;alia</em></span> <span class='ocrx_word' id='word_1_53' title='bbox 572 810 775 904; x_wconf 88' lang='lat' dir='ltr'><em>hujusmodi</em></span> <span class='ocrx_word' id='word_1_54' title='bbox 795 806 1050 905; x_wconf 87' lang='lat' dir='ltr'><em>quamplurima</em></span> <span class='ocrx_word' id='word_1_55' title='bbox 1068 832 1146 903; x_wconf 81' lang='lat' dir='ltr'><em>quae</em></span> 
     </span>
    </p>
   </div>
   <div class='ocr_carea' id='block_1_3' title="bbox 81 908 1150 2295">
    <p class='ocr_par' dir='ltr' id='par_1_3' title="bbox 86 908 1149 1105">
     <span class='ocr_line' id='line_1_8' title="bbox 100 908 1149 1007; baseline 0.002 -24"><span class='ocrx_word' id='word_1_56' title='bbox 100 915 161 983; x_wconf 81' lang='lat' dir='ltr'><em>&#39;oc</em></span> <span class='ocrx_word' id='word_1_57' title='bbox 184 910 297 985; x_wconf 89' lang='lat' dir='ltr'><em>modo</em></span> <span class='ocrx_word' id='word_1_58' title='bbox 323 908 403 985; x_wconf 89' lang='lat' dir='ltr'><em>sunt</em></span> <span class='ocrx_word' id='word_1_59' title='bbox 425 911 659 1004; x_wconf 88' lang='lat' dir='ltr'><em>interpretata</em></span> <span class='ocrx_word' id='word_1_60' title='bbox 683 912 727 985; x_wconf 88' lang='lat' dir='ltr'><em>de</em></span> <span class='ocrx_word' id='word_1_61' title='bbox 749 912 855 1007; x_wconf 87' lang='lat' dir='ltr'><em>lege,</em></span> <span class='ocrx_word' id='word_1_62' title='bbox 880 908 1149 985; x_wconf 71' lang='lat' dir='ltr'><em>instruitionem</em></span> 
     </span>
     <span class='ocr_line' id='line_1_9' title="bbox 86 1008 870 1105; baseline -0.001 -22"><span class='ocrx_word' id='word_1_63' title='bbox 86 1011 376 1105; x_wconf 86' lang='lat' dir='ltr'><em>quamplurimam</em></span> <span class='ocrx_word' id='word_1_64' title='bbox 393 1010 614 1085; x_wconf 84' lang='lat' dir='ltr'><em>audientibus</em></span> <span class='ocrx_word' id='word_1_65' title='bbox 631 1008 833 1085; x_wconf 84' lang='lat' dir='ltr'><em>conferunt.</em></span> <span class='ocrx_word' id='word_1_66' title='bbox 867 1094 870 1099; x_wconf 45' lang='grc'><strong>,</strong></span> 
     </span>
    </p>

    <p class='ocr_par' dir='ltr' id='par_1_4' title="bbox 81 1108 1150 2295">
     <span class='ocr_line' id='line_1_10' title="bbox 165 1108 1149 1203; baseline -0.002 -20"><span class='ocrx_word' id='word_1_67' title='bbox 165 1130 219 1200; x_wconf 88' lang='lat'><em>13.</em></span> <span class='ocrx_word' id='word_1_68' title='bbox 242 1108 415 1200; x_wconf 80' lang='lat' dir='ltr'><em>Spiritalis</em></span> <span class='ocrx_word' id='word_1_69' title='bbox 430 1124 547 1183; x_wconf 89' lang='lat' dir='ltr'><em>autem</em></span> <span class='ocrx_word' id='word_1_70' title='bbox 563 1111 767 1203; x_wconf 87' lang='lat' dir='ltr'><em>explanatio</em></span> <span class='ocrx_word' id='word_1_71' title='bbox 785 1108 835 1183; x_wconf 89' lang='lat' dir='ltr'><em>est</em></span> <span class='ocrx_word' id='word_1_72' title='bbox 850 1110 928 1183; x_wconf 87' lang='lat' dir='ltr'><em>talis</em></span> <span class='ocrx_word' id='word_1_73' title='bbox 943 1109 969 1184; x_wconf 83' lang='lat' dir='ltr'>fi</span> <span class='ocrx_word' id='word_1_74' title='bbox 991 1108 1067 1200; x_wconf 86' lang='lat' dir='ltr'><em>quis</em></span> <span class='ocrx_word' id='word_1_75' title='bbox 1081 1129 1149 1201; x_wconf 89' lang='lat' dir='ltr'><em>po·</em></span> 
     </span>
     <span class='ocr_line' id='line_1_11' title="bbox 87 1206 1148 1301; baseline 0 -20"><span class='ocrx_word' id='word_1_76' title='bbox 87 1206 156 1281; x_wconf 90' lang='lat' dir='ltr'><em>test</em></span> <span class='ocrx_word' id='word_1_77' title='bbox 176 1207 362 1285; x_wconf 87' lang='lat' dir='ltr'><em>ostendere</em></span> <span class='ocrx_word' id='word_1_78' title='bbox 378 1230 530 1300; x_wconf 86' lang='lat' dir='ltr'><em>quorum</em></span> <span class='ocrx_word' id='word_1_79' title='bbox 545 1208 731 1283; x_wconf 86' lang='lat' dir='ltr'><em>caelestium</em></span> <span class='ocrx_word' id='word_1_80' title='bbox 742 1209 1007 1301; x_wconf 81' lang='lat' dir='ltr'><em>&#39;exemplaribus</em></span> <span class='ocrx_word' id='word_1_81' title='bbox 1026 1206 1148 1281; x_wconf 85' lang='lat' dir='ltr'><em>&amp;um-</em></span> 
     </span>
     <span class='ocr_line' id='line_1_12' title="bbox 85 1302 1147 1402; baseline -0.005 -21"><span class='ocrx_word' id='word_1_82' title='bbox 85 1306 161 1381; x_wconf 79' lang='lat' dir='ltr'><em>bra</em></span> <span class='ocrx_word' id='word_1_83' title='bbox 174 1304 379 1381; x_wconf 88' lang='lat' dir='ltr'><em>deserviunt</em></span> <span class='ocrx_word' id='word_1_84' title='bbox 392 1302 428 1381; x_wconf 86' lang='lat' dir='ltr'><em>hi</em></span> <span class='ocrx_word' id='word_1_85' title='bbox 443 1307 500 1400; x_wconf 89' lang='lat' dir='ltr'><em>qui</em></span> <span class='ocrx_word' id='word_1_86' title='bbox 517 1306 706 1382; x_wconf 85' lang='lat' dir='ltr'><em>secundum</em></span> <span class='ocrx_word' id='word_1_87' title='bbox 720 1328 860 1382; x_wconf 88' lang='lat' dir='ltr'><em>earnem</em></span> <span class='ocrx_word' id='word_1_88' title='bbox 875 1307 984 1402; x_wconf 86' lang='lat' dir='ltr'><em>Judaei</em></span> <span class='ocrx_word' id='word_1_89' title='bbox 999 1306 1096 1397; x_wconf 89' lang='lat' dir='ltr'><em>sunt,</em></span> <span class='ocrx_word' id='word_1_90' title='bbox 1112 1304 1147 1377; x_wconf 88' lang='lat'>&amp;</span> 
     </span>
     <span class='ocr_line' id='line_1_13' title="bbox 89 1404 1148 1499; baseline -0.001 -22"><span class='ocrx_word' id='word_1_91' title='bbox 89 1426 245 1499; x_wconf 88' lang='lat' dir='ltr'><em>quorum</em></span> <span class='ocrx_word' id='word_1_92' title='bbox 254 1404 457 1481; x_wconf 86' lang='lat' dir='ltr'><em>futurorum</em></span> <span class='ocrx_word' id='word_1_93' title='bbox 468 1408 628 1483; x_wconf 88' lang='lat' dir='ltr'><em>umbram</em></span> <span class='ocrx_word' id='word_1_94' title='bbox 643 1410 701 1481; x_wconf 89' lang='lat' dir='ltr'><em>lex</em></span> <span class='ocrx_word' id='word_1_95' title='bbox 718 1408 839 1497; x_wconf 90' lang='lat' dir='ltr'><em>habet,</em></span> <span class='ocrx_word' id='word_1_96' title='bbox 867 1405 1013 1499; x_wconf 85' lang='lat' dir='ltr'><em>&amp;ssqua</em></span> <span class='ocrx_word' id='word_1_97' title='bbox 1027 1406 1148 1497; x_wconf 83' lang='lat' dir='ltr'><em>hujus·</em></span> 
     </span>
     <span class='ocr_line' id='line_1_14' title="bbox 85 1502 1147 1597; baseline -0.002 -19"><span class='ocrx_word' id='word_1_98' title='bbox 85 1504 189 1579; x_wconf 89' lang='lat' dir='ltr'><em>modi</em></span> <span class='ocrx_word' id='word_1_99' title='bbox 200 1504 236 1577; x_wconf 90' lang='lat' dir='ltr'><em>in</em></span> <span class='ocrx_word' id='word_1_100' title='bbox 247 1502 423 1597; x_wconf 84' lang='lat' dir='ltr'><em>scripturis</em></span> <span class='ocrx_word' id='word_1_101' title='bbox 444 1504 563 1579; x_wconf 80' lang='lat' dir='ltr'><em>sanclis</em></span> <span class='ocrx_word' id='word_1_102' title='bbox 578 1509 830 1581; x_wconf 88' lang='lat' dir='ltr'><em>inveniuntur:</em></span> <span class='ocrx_word' id='word_1_103' title='bbox 857 1508 918 1579; x_wconf 88' lang='lat' dir='ltr'><em>vel</em></span> <span class='ocrx_word' id='word_1_104' title='bbox 931 1528 1012 1581; x_wconf 87' lang='lat' dir='ltr'><em>cum</em></span> <span class='ocrx_word' id='word_1_105' title='bbox 1030 1506 1147 1596; x_wconf 89' lang='lat' dir='ltr'><em>requi-</em></span> 
     </span>
     <span class='ocr_line' id='line_1_15' title="bbox 85 1602 1148 1702; baseline 0 -27"><span class='ocrx_word' id='word_1_106' title='bbox 85 1602 179 1677; x_wconf 77' lang='lat' dir='ltr'><em>titur</em></span> <span class='ocrx_word' id='word_1_107' title='bbox 196 1624 272 1700; x_wconf 77' lang='lat' dir='ltr'><em>quae</em></span> <span class='ocrx_word' id='word_1_108' title='bbox 285 1604 328 1677; x_wconf 90' lang='lat' dir='ltr'><em>fit</em></span> <span class='ocrx_word' id='word_1_109' title='bbox 342 1605 402 1676; x_wconf 91' lang='lat' dir='ltr'><em>illa</em></span> <span class='ocrx_word' id='word_1_110' title='bbox 419 1602 631 1699; x_wconf 79' lang='lat' dir='ltr'><em>sapientiam</em></span> <span class='ocrx_word' id='word_1_111' title='bbox 647 1602 816 1698; x_wconf 85' lang='lat' dir='ltr'><em>mysterio</em></span> <span class='ocrx_word' id='word_1_112' title='bbox 833 1602 1039 1679; x_wconf 84' lang='lat' dir='ltr'><em>abscondita</em></span> <span class='ocrx_word' id='word_1_113' title='bbox 1051 1626 1148 1702; x_wconf 80' lang='lat' dir='ltr'><em>quam</em></span> 
     </span>
     <span class='ocr_line' id='line_1_16' title="bbox 83 1704 1148 1801; baseline -0.001 -29"><span class='ocrx_word' id='word_1_114' title='bbox 83 1704 321 1801; x_wconf 72' lang='lat' dir='ltr'><em>predestinavit</em></span> <span class='ocrx_word' id='word_1_115' title='bbox 344 1708 432 1777; x_wconf 85' lang='lat' dir='ltr'><em>Deus</em></span> <span class='ocrx_word' id='word_1_116' title='bbox 454 1722 530 1775; x_wconf 88' lang='lat' dir='ltr'><em>ante</em></span> <span class='ocrx_word' id='word_1_117' title='bbox 540 1707 651 1791; x_wconf 76' lang='lat' dir='ltr'><em>sucula</em></span> <span class='ocrx_word' id='word_1_118' title='bbox 676 1712 714 1775; x_wconf 93' lang='lat' dir='ltr'><em>in</em></span> <span class='ocrx_word' id='word_1_119' title='bbox 725 1708 856 1801; x_wconf 77' lang='lat' dir='ltr'><em>gloriam</em></span> <span class='ocrx_word' id='word_1_120' title='bbox 872 1704 1027 1801; x_wconf 74' lang='lat' dir='ltr'><em>nostram,</em></span> <span class='ocrx_word' id='word_1_121' title='bbox 1053 1724 1148 1799; x_wconf 78' lang='lat' dir='ltr'><em>quant</em></span> 
     </span>
     <span class='ocr_line' id='line_1_17' title="bbox 86 1800 1149 1901; baseline 0.002 -30"><span class='ocrx_word' id='word_1_122' title='bbox 86 1827 174 1897; x_wconf 76' lang='lat' dir='ltr'><em>eremo</em></span> <span class='ocrx_word' id='word_1_123' title='bbox 189 1808 366 1898; x_wconf 81' lang='lat' dir='ltr'><em>principum</em></span> <span class='ocrx_word' id='word_1_124' title='bbox 384 1806 482 1895; x_wconf 80' lang='lat' dir='ltr'><em>hujus</em></span> <span class='ocrx_word' id='word_1_125' title='bbox 491 1804 594 1894; x_wconf 79' lang='lat' dir='ltr'><em>seculi</em></span> <span class='ocrx_word' id='word_1_126' title='bbox 607 1810 769 1901; x_wconf 83' lang='lat' dir='ltr'><em>cognouit:</em></span> <span class='ocrx_word' id='word_1_127' title='bbox 796 1805 858 1875; x_wconf 85' lang='lat' dir='ltr'><em>vel</em></span> <span class='ocrx_word' id='word_1_128' title='bbox 874 1802 961 1874; x_wconf 85' lang='lat' dir='ltr'><em>illud</em></span> <span class='ocrx_word' id='word_1_129' title='bbox 981 1802 1079 1895; x_wconf 91' lang='lat' dir='ltr'><em>quod</em></span> <span class='ocrx_word' id='word_1_130' title='bbox 1096 1800 1149 1873; x_wconf 86' lang='lat' dir='ltr'><em>di·</em></span> 
     </span>
     <span class='ocr_line' id='line_1_18' title="bbox 90 1898 1150 1997; baseline -0.007 -20"><span class='ocrx_word' id='word_1_131' title='bbox 90 1902 161 1993; x_wconf 80' lang='lat' dir='ltr'><em>cit,</em></span> <span class='ocrx_word' id='word_1_132' title='bbox 186 1900 257 1996; x_wconf 84' lang='lat' dir='ltr'><em>ipse</em></span> <span class='ocrx_word' id='word_1_133' title='bbox 274 1902 493 1995; x_wconf 85' lang='lat' dir='ltr'><em>Apostolus,</em></span> <span class='ocrx_word' id='word_1_134' title='bbox 519 1925 600 1979; x_wconf 89' lang='lat' dir='ltr'><em>cum</em></span> <span class='ocrx_word' id='word_1_135' title='bbox 621 1904 791 1997; x_wconf 86' lang='lat' dir='ltr'><em>exemplis</em></span> <span class='ocrx_word' id='word_1_136' title='bbox 808 1902 1016 1997; x_wconf 88' lang='lat' dir='ltr'><em>quibusdam</em></span> <span class='ocrx_word' id='word_1_137' title='bbox 1030 1898 1150 1975; x_wconf 73' lang='lat' dir='ltr'><em>utitur·</em></span> 
     </span>
     <span class='ocr_line' id='line_1_19' title="bbox 89 1998 1146 2097; baseline -0.008 -20"><span class='ocrx_word' id='word_1_138' title='bbox 89 1998 135 2077; x_wconf 91' lang='lat' dir='ltr'><em>de</em></span> <span class='ocrx_word' id='word_1_139' title='bbox 150 1998 308 2094; x_wconf 83' lang='lat' dir='ltr'><em>Exodo,</em></span> <span class='ocrx_word' id='word_1_140' title='bbox 335 2003 397 2074; x_wconf 89' lang='lat' dir='ltr'><em>vel</em></span> <span class='ocrx_word' id='word_1_141' title='bbox 412 2000 595 2097; x_wconf 90' lang='lat' dir='ltr'><em>Numetis,</em></span> <span class='ocrx_word' id='word_1_142' title='bbox 620 2004 654 2079; x_wconf 82' lang='lat' dir='ltr'><em>dt</em></span> <span class='ocrx_word' id='word_1_143' title='bbox 670 2005 718 2077; x_wconf 91' lang='lat' dir='ltr'><em>ait</em></span> <span class='ocrx_word' id='word_1_144' title='bbox 732 2003 813 2095; x_wconf 87' lang='lat' dir='ltr'><em>quia</em></span> <span class='ocrx_word' id='word_1_145' title='bbox 828 2002 892 2070; x_wconf 81' lang='lat' dir='ltr'><em>hac</em></span> <span class='ocrx_word' id='word_1_146' title='bbox 908 2002 1060 2093; x_wconf 79' lang='lat' dir='ltr'><em>infigura</em></span> <span class='ocrx_word' id='word_1_147' title='bbox 1074 2022 1146 2069; x_wconf 85' lang='lat' dir='ltr'><em>con·</em></span> 
     </span>
     <span class='ocr_line' id='line_1_20' title="bbox 87 2094 1146 2199; baseline -0.008 -24"><span class='ocrx_word' id='word_1_148' title='bbox 87 2102 250 2195; x_wconf 71' lang='lat' dir='ltr'><em>tingebant</em></span> <span class='ocrx_word' id='word_1_149' title='bbox 267 2106 352 2193; x_wconf 87' lang='lat' dir='ltr'><em>illis,</em></span> <span class='ocrx_word' id='word_1_150' title='bbox 370 2101 491 2197; x_wconf 83' lang='lat' dir='ltr'><em>scriptu</em></span> <span class='ocrx_word' id='word_1_151' title='bbox 504 2102 584 2193; x_wconf 86' lang='lat' dir='ltr'><em>sunt</em></span> <span class='ocrx_word' id='word_1_152' title='bbox 601 2120 704 2173; x_wconf 84' lang='lat' dir='ltr'><em>autem</em></span> <span class='ocrx_word' id='word_1_153' title='bbox 717 2094 844 2199; x_wconf 75' lang='lat' dir='ltr'><em>propter</em></span> <span class='ocrx_word' id='word_1_154' title='bbox 858 2124 915 2169; x_wconf 88' lang='lat' dir='ltr'><em>nor</em></span> <span class='ocrx_word' id='word_1_155' title='bbox 930 2102 968 2169; x_wconf 88' lang='lat' dir='ltr'><em>in</em></span> <span class='ocrx_word' id='word_1_156' title='bbox 983 2100 1146 2197; x_wconf 81' lang='lat' dir='ltr'><em>quosfiner</em></span> 
     </span>
     <span class='ocr_line' id='line_1_21' title="bbox 81 2197 1145 2295; baseline -0.003 -24"><span class='ocrx_word' id='word_1_157' title='bbox 81 2200 263 2289; x_wconf 78' lang='lat' dir='ltr'><em>seculorum</em></span> <span class='ocrx_word' id='word_1_158' title='bbox 279 2204 497 2277; x_wconf 83' lang='lat' dir='ltr'><em>devenerunt:</em></span> <span class='ocrx_word' id='word_1_159' title='bbox 523 2202 797 2278; x_wconf 86' lang='lat' dir='ltr'><em>&amp;occalionetn</em></span> <span class='ocrx_word' id='word_1_160' title='bbox 817 2199 922 2283; x_wconf 86' lang='lat' dir='ltr'><em>nobis¹</em></span> <span class='ocrx_word' id='word_1_161' title='bbox 940 2198 1079 2295; x_wconf 84' lang='lat' dir='ltr'><em>praestat</em></span> <span class='ocrx_word' id='word_1_162' title='bbox 1093 2197 1145 2269; x_wconf 91' lang='lat' dir='ltr'><em>in·</em></span> 
     </span>
    </p>
   </div>
   <div class='ocr_carea' id='block_1_4' title="bbox 87 2294 1146 2470">
    <p class='ocr_par' dir='ltr' id='par_1_5' title="bbox 87 2294 1146 2470">
     <span class='ocr_line' id='line_1_22' title="bbox 87 2294 1146 2470; baseline -0.007 -95"><span class='ocrx_word' id='word_1_163' title='bbox 87 2300 307 2399; x_wconf 80' lang='lat' dir='ltr'><em>telligentiae,</em></span> <span class='ocrx_word' id='word_1_164' title='bbox 323 2313 364 2373; x_wconf 92' lang='lat' dir='ltr'><em>ut</em></span> <span class='ocrx_word' id='word_1_165' title='bbox 373 2300 537 2393; x_wconf 81' lang='lat' dir='ltr'><em>portunus</em></span> <span class='ocrx_word' id='word_1_166' title='bbox 551 2302 740 2377; x_wconf 87' lang='lat' dir='ltr'><em>advertere</em></span> <span class='ocrx_word' id='word_1_167' title='bbox 749 2319 903 2395; x_wconf 88' lang='lat' dir='ltr'><em>quorum</em></span> <span class='ocrx_word' id='word_1_168' title='bbox 912 2294 1146 2470; x_wconf 47' lang='lat' dir='ltr'><em>figuraeffant</em></span> 
     </span>
     <span class='ocr_line' id='line_1_23' title="bbox 1031 2418 1134 2470; baseline -0.019 0"><span class='ocrx_word' id='word_1_169' title='bbox 1031 2418 1043 2469; x_wconf 90' lang='lat'>1</span> <span class='ocrx_word' id='word_1_170' title='bbox 1074 2418 1095 2470; x_wconf 92' lang='lat' dir='ltr'><em>a</em></span> <span class='ocrx_word' id='word_1_171' title='bbox 1130 2458 1134 2467; x_wconf 93' lang='grc'><em>,</em></span> 
     </span>
    </p>
   </div>
   <div class='ocr_carea' id='block_1_5' title="bbox 310 2560 920 2639">
    <p class='ocr_par' dir='ltr' id='par_1_6' title="bbox 310 2560 920 2639">
     <span class='ocr_line' id='line_1_24' title="bbox 310 2560 920 2639; baseline 0.01 -6"><span class='ocrx_word' id='word_1_172' title='bbox 310 2560 735 2637; x_wconf 64' lang='lat' dir='ltr'><em>torniamento</em></span> <span class='ocrx_word' id='word_1_173' title='bbox 772 2580 920 2639; x_wconf 75' lang='lat' dir='ltr'><em>nove.</em></span> 
     </span>
    </p>
   </div>
   <div class='ocr_carea' id='block_1_6' title="bbox 84 2692 1168 3093">
    <p class='ocr_par' dir='ltr' id='par_1_7' title="bbox 84 2692 1168 3093">
     <span class='ocr_line' id='line_1_25' title="bbox 84 2692 1146 2793; baseline -0.003 -24"><span class='ocrx_word' id='word_1_174' title='bbox 84 2692 266 2793; x_wconf 78' lang='lat' dir='ltr'><em>[erulorum</em></span> <span class='ocrx_word' id='word_1_175' title='bbox 289 2701 496 2773; x_wconf 82' lang='lat' dir='ltr'><em>devenerunt.</em></span> <span class='ocrx_word' id='word_1_176' title='bbox 551 2698 601 2773; x_wconf 89' lang='lat' dir='ltr'><em>Et</em></span> <span class='ocrx_word' id='word_1_177' title='bbox 622 2700 846 2777; x_wconf 78' lang='lat' dir='ltr'><em>occasionem</em></span> <span class='ocrx_word' id='word_1_178' title='bbox 863 2699 1000 2793; x_wconf 72' lang='lat' dir='ltr'><em>praebet</em></span> <span class='ocrx_word' id='word_1_179' title='bbox 1016 2694 1146 2770; x_wconf 85' lang='lat' dir='ltr'><em>intelli-</em></span> 
     </span>
     <span class='ocr_line' id='line_1_26' title="bbox 88 2792 1146 2897; baseline -0.005 -28"><span class='ocrx_word' id='word_1_180' title='bbox 88 2798 218 2895; x_wconf 84' lang='lat' dir='ltr'><em>gendi,</em></span> <span class='ocrx_word' id='word_1_181' title='bbox 246 2820 480 2893; x_wconf 89' lang='lat' dir='ltr'><em>quorumnam</em></span> <span class='ocrx_word' id='word_1_182' title='bbox 500 2796 620 2897; x_wconf 79' lang='lat' dir='ltr'><em>figurae</em></span> <span class='ocrx_word' id='word_1_183' title='bbox 640 2800 700 2872; x_wconf 89' lang='lat' dir='ltr'><em>illa</em></span> <span class='ocrx_word' id='word_1_184' title='bbox 717 2798 856 2891; x_wconf 84' lang='lat' dir='ltr'><em>effent,</em></span> <span class='ocrx_word' id='word_1_185' title='bbox 885 2797 1028 2869; x_wconf 88' lang='lat' dir='ltr'><em>dicens:</em></span> <span class='ocrx_word' id='word_1_186' title='bbox 1054 2792 1146 2865; x_wconf 79' lang='lat' dir='ltr'><em>Bila-</em></span> 
     </span>
     <span class='ocr_line' id='line_1_27' title="bbox 89 2898 1148 2996; baseline -0.006 -29"><span class='ocrx_word' id='word_1_187' title='bbox 89 2898 170 2968; x_wconf 83' lang='lat' dir='ltr'><em>bunt</em></span> <span class='ocrx_word' id='word_1_188' title='bbox 191 2903 273 2969; x_wconf 75' lang='lat' dir='ltr'><em>etaim</em></span> <span class='ocrx_word' id='word_1_189' title='bbox 297 2925 335 2970; x_wconf 85' lang='lat' dir='ltr'><em>ex</em></span> <span class='ocrx_word' id='word_1_190' title='bbox 351 2903 496 2996; x_wconf 79' lang='lat' dir='ltr'><em>inritoii</em></span> <span class='ocrx_word' id='word_1_191' title='bbox 513 2902 711 2995; x_wconf 81' lang='lat' dir='ltr'><em>consequente</em></span> <span class='ocrx_word' id='word_1_192' title='bbox 728 2922 777 2968; x_wconf 86' lang='lat' dir='ltr'><em>eor</em></span> <span class='ocrx_word' id='word_1_193' title='bbox 791 2917 907 2993; x_wconf 88' lang='lat' dir='ltr'><em>petru,</em></span> <span class='ocrx_word' id='word_1_194' title='bbox 931 2910 1023 2991; x_wconf 82' lang='lat' dir='ltr'><em>petre</em></span> <span class='ocrx_word' id='word_1_195' title='bbox 1041 2908 1148 2964; x_wconf 85' lang='lat' dir='ltr'><em>autem</em></span> 
     </span>
     <span class='ocr_line' id='line_1_28' title="bbox 89 2991 1168 3093; baseline -0.006 -24"><span class='ocrx_word' id='word_1_196' title='bbox 89 3014 159 3069; x_wconf 85' lang='lat' dir='ltr'><em>erat</em></span> <span class='ocrx_word' id='word_1_197' title='bbox 178 2998 329 3093; x_wconf 70' lang='lat' dir='ltr'><em>christus.</em></span> <span class='ocrx_word' id='word_1_198' title='bbox 378 2998 428 3071; x_wconf 91' lang='lat' dir='ltr'><em>Et</em></span> <span class='ocrx_word' id='word_1_199' title='bbox 439 3022 515 3092; x_wconf 87' lang='lat' dir='ltr'><em>quae</em></span> <span class='ocrx_word' id='word_1_200' title='bbox 532 2999 576 3071; x_wconf 93' lang='lat' dir='ltr'><em>de</em></span> <span class='ocrx_word' id='word_1_201' title='bbox 592 2999 823 3071; x_wconf 87' lang='lat' dir='ltr'><em>tabernaculo</em></span> <span class='ocrx_word' id='word_1_202' title='bbox 838 2995 928 3068; x_wconf 76' lang='lat' dir='ltr'><em>dicta</em></span> <span class='ocrx_word' id='word_1_203' title='bbox 941 2993 1066 3066; x_wconf 89' lang='lat' dir='ltr'><em>suntin</em></span> <span class='ocrx_word' id='word_1_204' title='bbox 1079 2991 1168 3063; x_wconf 86' lang='lat' dir='ltr'><em>alia·</em></span> 
     </span>
    </p>
   </div>
   <div class='ocr_carea' id='block_1_7' title="bbox 87 3094 1148 3897">
    <p class='ocr_par' dir='ltr' id='par_1_8' title="bbox 87 3094 1148 3897">
     <span class='ocr_line' id='line_1_29' title="bbox 89 3094 1145 3192; baseline -0.011 -22"><span class='ocrx_word' id='word_1_205' title='bbox 89 3096 239 3192; x_wconf 86' lang='lat' dir='ltr'><em>epistola</em></span> <span class='ocrx_word' id='word_1_206' title='bbox 255 3097 480 3191; x_wconf 82' lang='lat' dir='ltr'><em>deformans,</em></span> <span class='ocrx_word' id='word_1_207' title='bbox 506 3097 586 3173; x_wconf 86' lang='lat' dir='ltr'><em>usus</em></span> <span class='ocrx_word' id='word_1_208' title='bbox 610 3096 661 3169; x_wconf 87' lang='lat' dir='ltr'><em>est</em></span> <span class='ocrx_word' id='word_1_209' title='bbox 675 3097 749 3169; x_wconf 91' lang='lat' dir='ltr'><em>hoc</em></span> <span class='ocrx_word' id='word_1_210' title='bbox 771 3094 1000 3169; x_wconf 88' lang='lat' dir='ltr'><em>testimonio:</em></span> <span class='ocrx_word' id='word_1_211' title='bbox 1037 3095 1145 3160; x_wconf 77' lang='lat' dir='ltr'><em>Facies</em></span> 
     </span>
     <span class='ocr_line' id='line_1_30' title="bbox 87 3190 1146 3293; baseline -0.006 -24"><span class='ocrx_word' id='word_1_212' title='bbox 87 3204 195 3269; x_wconf 84' lang='lat' dir='ltr'><em>omnia</em></span> <span class='ocrx_word' id='word_1_213' title='bbox 211 3199 373 3283; x_wconf 76' lang='lat' dir='ltr'><em>secundum</em></span> <span class='ocrx_word' id='word_1_214' title='bbox 384 3198 524 3289; x_wconf 73' lang='lat' dir='ltr'><em>formam</em></span> <span class='ocrx_word' id='word_1_215' title='bbox 541 3222 608 3293; x_wconf 83' lang='lat' dir='ltr'><em>quae</em></span> <span class='ocrx_word' id='word_1_216' title='bbox 623 3196 683 3265; x_wconf 78' lang='lat' dir='ltr'><em>tibi</em></span> <span class='ocrx_word' id='word_1_217' title='bbox 703 3203 739 3263; x_wconf 90' lang='lat' dir='ltr'><em>in</em></span> <span class='ocrx_word' id='word_1_218' title='bbox 757 3214 859 3265; x_wconf 88' lang='lat' dir='ltr'><em>monte</em></span> <span class='ocrx_word' id='word_1_219' title='bbox 873 3190 1079 3285; x_wconf 72' lang='lat' dir='ltr'><em>demonstrato</em></span> <span class='ocrx_word' id='word_1_220' title='bbox 1096 3190 1146 3283; x_wconf 68' lang='lat' dir='ltr'><em>efl-</em></span> 
     </span>
     <span class='ocr_line' id='line_1_31' title="bbox 87 3289 1144 3389; baseline -0.006 -22"><span class='ocrx_word' id='word_1_221' title='bbox 87 3296 158 3367; x_wconf 87' lang='lat' dir='ltr'><em>Sed</em></span> <span class='ocrx_word' id='word_1_222' title='bbox 176 3294 385 3389; x_wconf 85' lang='lat' dir='ltr'><em>&amp;Epistola</em></span> <span class='ocrx_word' id='word_1_223' title='bbox 400 3296 441 3368; x_wconf 91' lang='lat' dir='ltr'><em>ad</em></span> <span class='ocrx_word' id='word_1_224' title='bbox 460 3296 603 3369; x_wconf 83' lang='lat' dir='ltr'><em>Galatas</em></span> <span class='ocrx_word' id='word_1_225' title='bbox 621 3295 736 3367; x_wconf 79' lang='lat' dir='ltr'><em>veluti</em></span> <span class='ocrx_word' id='word_1_226' title='bbox 750 3296 888 3388; x_wconf 90' lang='lat' dir='ltr'><em>probro</em></span> <span class='ocrx_word' id='word_1_227' title='bbox 905 3289 1059 3366; x_wconf 89' lang='lat' dir='ltr'><em>afficiens</em></span> <span class='ocrx_word' id='word_1_228' title='bbox 1078 3308 1144 3363; x_wconf 87' lang='lat' dir='ltr'><em>eos</em></span> 
     </span>
     <span class='ocr_line' id='line_1_32' title="bbox 90 3388 1145 3491; baseline -0.006 -26"><span class='ocrx_word' id='word_1_229' title='bbox 90 3396 149 3487; x_wconf 89' lang='lat' dir='ltr'><em>qui</em></span> <span class='ocrx_word' id='word_1_230' title='bbox 169 3397 284 3491; x_wconf 88' lang='lat' dir='ltr'><em>legem</em></span> <span class='ocrx_word' id='word_1_231' title='bbox 305 3393 338 3468; x_wconf 89' lang='lat' dir='ltr'><em>se</em></span> <span class='ocrx_word' id='word_1_232' title='bbox 355 3410 482 3490; x_wconf 88' lang='lat' dir='ltr'><em>putant</em></span> <span class='ocrx_word' id='word_1_233' title='bbox 501 3396 620 3491; x_wconf 87' lang='lat' dir='ltr'><em>legere</em></span> <span class='ocrx_word' id='word_1_234' title='bbox 639 3394 726 3466; x_wconf 90' lang='lat' dir='ltr'><em>licet</em></span> <span class='ocrx_word' id='word_1_235' title='bbox 739 3414 816 3466; x_wconf 87' lang='lat' dir='ltr'><em>earn</em></span> <span class='ocrx_word' id='word_1_236' title='bbox 832 3412 908 3463; x_wconf 94' lang='lat' dir='ltr'><em>non</em></span> <span class='ocrx_word' id='word_1_237' title='bbox 922 3388 1145 3483; x_wconf 84' lang='lat' dir='ltr'><em>intelligant,</em></span> 
     </span>
     <span class='ocr_line' id='line_1_33' title="bbox 92 3485 1146 3591; baseline -0.008 -26"><span class='ocrx_word' id='word_1_238' title='bbox 92 3494 219 3567; x_wconf 86' lang='lat' dir='ltr'><em>&amp;illos</em></span> <span class='ocrx_word' id='word_1_239' title='bbox 234 3495 319 3567; x_wconf 89' lang='lat' dir='ltr'><em>nihil</em></span> <span class='ocrx_word' id='word_1_240' title='bbox 337 3494 535 3591; x_wconf 78' lang='lat' dir='ltr'><em>intelligere</em></span> <span class='ocrx_word' id='word_1_241' title='bbox 543 3494 703 3588; x_wconf 86' lang='lat' dir='ltr'><em>judicans</em></span> <span class='ocrx_word' id='word_1_242' title='bbox 724 3494 783 3585; x_wconf 91' lang='lat' dir='ltr'><em>qui</em></span> <span class='ocrx_word' id='word_1_243' title='bbox 796 3492 979 3586; x_wconf 87' lang='lat' dir='ltr'><em>allegorias</em></span> <span class='ocrx_word' id='word_1_244' title='bbox 991 3489 1028 3561; x_wconf 91' lang='lat' dir='ltr'><em>in</em></span> <span class='ocrx_word' id='word_1_245' title='bbox 1040 3485 1146 3581; x_wconf 86' lang='lat' dir='ltr'><em>scrip-</em></span> 
     </span>
     <span class='ocr_line' id='line_1_34' title="bbox 91 3586 1147 3688; baseline -0.008 -26"><span class='ocrx_word' id='word_1_246' title='bbox 91 3592 344 3667; x_wconf 85' lang='lat' dir='ltr'><em>turisnonelle</em></span> <span class='ocrx_word' id='word_1_247' title='bbox 357 3596 591 3688; x_wconf 88' lang='lat' dir='ltr'><em>arbitrantur,</em></span> <span class='ocrx_word' id='word_1_248' title='bbox 623 3596 726 3665; x_wconf 80' lang='lat' dir='ltr'><em>Dicite</em></span> <span class='ocrx_word' id='word_1_249' title='bbox 744 3592 842 3676; x_wconf 80' lang='lat' dir='ltr'><em>midi,</em></span> <span class='ocrx_word' id='word_1_250' title='bbox 868 3590 1004 3682; x_wconf 90' lang='lat' dir='ltr'><em>inquit,</em></span> <span class='ocrx_word' id='word_1_251' title='bbox 1027 3586 1147 3683; x_wconf 78' lang='lat' dir='ltr'><em>puisat</em></span> 
     </span>
     <span class='ocr_line' id='line_1_35' title="bbox 91 3690 1148 3788; baseline -0.008 -27"><span class='ocrx_word' id='word_1_252' title='bbox 91 3690 153 3783; x_wconf 78' lang='lat' dir='ltr'><em>lege</em></span> <span class='ocrx_word' id='word_1_253' title='bbox 169 3696 273 3763; x_wconf 83' lang='lat' dir='ltr'><em>uultis</em></span> <span class='ocrx_word' id='word_1_254' title='bbox 290 3690 367 3785; x_wconf 85' lang='lat' dir='ltr'><em>effe,</em></span> <span class='ocrx_word' id='word_1_255' title='bbox 392 3696 482 3788; x_wconf 84' lang='lat' dir='ltr'><em>legem</em></span> <span class='ocrx_word' id='word_1_256' title='bbox 501 3718 566 3765; x_wconf 82' lang='lat' dir='ltr'><em>non</em></span> <span class='ocrx_word' id='word_1_257' title='bbox 584 3694 729 3785; x_wconf 75' lang='lat' dir='ltr'><em>auditis?</em></span> <span class='ocrx_word' id='word_1_258' title='bbox 748 3692 902 3787; x_wconf 83' lang='lat' dir='ltr'><em>scriptum</em></span> <span class='ocrx_word' id='word_1_259' title='bbox 920 3690 959 3787; x_wconf 68' lang='grc' dir='ltr'><em>ιβ</em></span> <span class='ocrx_word' id='word_1_260' title='bbox 976 3693 1059 3757; x_wconf 86' lang='lat' dir='ltr'><em>enim</em></span> <span class='ocrx_word' id='word_1_261' title='bbox 1075 3708 1148 3781; x_wconf 75' lang='lat' dir='ltr'><em>pue·</em></span> 
     </span>
     <span class='ocr_line' id='line_1_36' title="bbox 90 3784 1146 3897; baseline 0 -32"><span class='ocrx_word' id='word_1_262' title='bbox 90 3797 183 3865; x_wconf 85' lang='lat' dir='ltr'><em>niun</em></span> <span class='ocrx_word' id='word_1_263' title='bbox 197 3790 356 3867; x_wconf 76' lang='lat' dir='ltr'><em>Abraham</em></span> <span class='ocrx_word' id='word_1_264' title='bbox 370 3795 535 3897; x_wconf 74' lang='lat' dir='ltr'><em>duosfilies</em></span> <span class='ocrx_word' id='word_1_265' title='bbox 549 3794 678 3879; x_wconf 75' lang='lat' dir='ltr'><em>doluit,</em></span> <span class='ocrx_word' id='word_1_266' title='bbox 704 3815 804 3863; x_wconf 84' lang='lat' dir='ltr'><em>enum</em></span> <span class='ocrx_word' id='word_1_267' title='bbox 816 3792 852 3866; x_wconf 84' lang='lat' dir='ltr'><em>de</em></span> <span class='ocrx_word' id='word_1_268' title='bbox 865 3790 980 3865; x_wconf 75' lang='lat' dir='ltr'><em>araride</em></span> <span class='ocrx_word' id='word_1_269' title='bbox 993 3784 1033 3865; x_wconf 66' lang='lat'><em>(5</em></span> <span class='ocrx_word' id='word_1_270' title='bbox 1048 3806 1146 3855; x_wconf 67' lang='lat' dir='ltr'><em>unum</em></span> 
     </span>
    </p>
   </div>
   <div class='ocr_carea' id='block_1_8' title="bbox 611 3883 1115 3993">
    <p class='ocr_par' dir='ltr' id='par_1_9' title="bbox 611 3883 1115 3993">
     <span class='ocr_line' id='line_1_37' title="bbox 611 3883 1115 3993; baseline 0.008 -42"><span class='ocrx_word' id='word_1_271' title='bbox 611 3888 698 3993; x_wconf 65' lang='lat' dir='ltr'><em>Y3</em></span> <span class='ocrx_word' id='word_1_272' title='bbox 1072 3883 1115 3955; x_wconf 64' lang='lat' dir='ltr'><em>ta</em></span> 
     </span>
    </p>
   </div>
   <div class='ocr_carea' id='block_1_9' title="bbox 0 0 1254 4254">
    <p class='ocr_par' dir='ltr' id='par_1_10' title="bbox 0 0 1254 4254">
     <span class='ocr_line' id='line_1_38' title="bbox 0 0 1254 4254; baseline 0 0"><span class='ocrx_word' id='word_1_273' title='bbox 0 0 1254 4254; x_wconf 95' lang='lat' dir='ltr'><em> </em></span> 
     </span>
    </p>
   </div>
  </div>
 </body>
</html>
