2498 4254
177 106 190 127 ’
250 124 331 201 nn
377 124 743 225 intuctrns,
793 127 990 211 arunt.
1078 94 1148 233 ,1'99

80 287 266 377 minorum
283 285 533 362 insolentiores
545 289 867 383 'improbioresque
885 288 1000 387 fiunt,
1026 292 1147 371 dicere

80 386 220 473 solent:
257 409 325 485 ego
352 398 391 463 te
417 390 524 461 talem
543 386 635 481 feci,
662 410 731 487 ego
764 401 801 464 te
820 388 959 489 perdidi
972 445 992 485 ‚¹
1009 416 1088 467 mea
1106 411 1146 470 te

80 488 257 585 potientis
280 486 459 580 pellimum
483 488 576 561 feci:
603 509 673 584 ego
705 489 782 561 tibi·
804 488 906 563 causa
936 491 1040 585 hujus
1071 507 1148 570 tam

82 586 178 661 dure
197 586 232 659 &
251 586 400 681 pellimae
414 584 678 660 consuetudinis
701 587 839 682 existo,
866 591 926 681 qui
940 603 977 663 te
991 592 1145 667 nonsta·

79 686 143 761 tinr
157 706 227 781 per
241 686 389 782 singulas
407 688 527 780 culpas
546 688 660 779 punio
678 707 747 780 pro
771 687 902 761 merito
920 689 1141 781 delisiorum,

77 775 235 861 Necesse
252 782 303 857 est
318 786 412 857 enim
430 806 500 859 nos
514 799 659 881 tropum
683 786 799 880 primo
820 790 880 861 vel
905 784 1054 884 figuram
1075 791 1143 866 ser-

75 885 198 959 monis
213 885 426 978 advertere,
461 884 495 957 ds
518 886 569 959 ita
589 886 729 961 demum
749 888 923 961 virtutem
939 888 1020 963 didi
1039 890 1156 965 intel.

74 984 211 1081 ligere,
236 1005 306 1058 nec
318 982 451 1057 inferre
467 985 656 1059 calumnias
673 987 792 1058 verbo
815 988 915 1079 cujus
933 989 1143 1065 interiorem
1208 1028 1219 1049 κ

74 1075 213 1159 sensum
239 1104 317 1155 non
344 1082 545 1179 diligentius
571 1086 810 1177 exploremus.
862 1086 1029 1179 Denique
1056 1110 1142 1183 apo·

73 1180 189 1257 nolus
214 1182 342 1255 Paulus
369 1182 558 1257 evidenter
583 1184 628 1257 de
656 1186 786 1257 talibus
811 1184 985 1280 nascens,
1021 1184 1071 1259 ait
1096 1188 1141 1261 ad

74 1302 159 1355 eum
185 1282 246 1375 qui
262 1284 495 1377 permanebat
516 1285 753 1379 inpeccatis:
780 1288 837 1357 An
859 1289 997 1359 divitias
1015 1288 1140 1359 bonira-

76 1385 121 1455 ts's
136 1387 204 1483 ejus
215 1409 252 1453 ac
264 1386 432 1478 patientie
447 1382 484 1458 (5
501 1384 757 1477 longanimitatis
774 1390 964 1471 contemnis,
989 1389 1141 1481 ignorant

76 1484 154 1581 quin
169 1480 350 1577 benignitas
371 1486 437 1555 Dei
456 1486 496 1555 ad
507 1488 729 1579 penitentiam
743 1481 936 1557 readducit?
961 1488 1141 1559 Secundum

77 1582 232 1655 duritiam
247 1598 350 1653 nutem
366 1600 453 1655 tuam
465 1584 505 1661 (5
518 1588 715 1681 impenitens
729 1609 780 1655 cor
795 1587 997 1669 thesaurizas
1011 1586 1069 1657 tibi
1084 1588 1141 1684 ipſs

80 1687 159 1779 isam
179 1687 217 1753 in
231 1684 280 1763 dis
295 1690 351 1753 isae
366 1680 405 1761 Θ
418 1687 621 1771 revelationis
631 1685 712 1781 justi
718 1686 833 1781 judicii
852 1690 927 1757 Dei.
976 1686 1066 1759 Haec
1086 1687 1138 1760 di·

80 1782 127 1855 dt
150 1778 347 1875 Apostolus
372 1782 415 1857 ad
438 1804 519 1859 eum
543 1784 603 1875 qui
624 1782 662 1857 in
680 1784 838 1881 peccatis
858 1783 919 1860 est.
972 1784 1137 1859 Conver-

79 1892 187 1955 tamus
201 1882 279 1955 haec
291 1881 364 1976 ipsa
376 1904 446 1956 nos
460 1883 504 1956 ad
519 1882 740 1958 Pharaonem
755 1884 845 1976 dici,
873 1883 909 1955 dr
920 1884 1005 1957 vide
1018 1885 1044 1957 sr
1058 1904 1138 1959 non

86 1983 239 2079 etetiam
256 1982 300 2055 de
322 1980 399 2079 ipso
424 1983 494 2061 dici
519 1981 761 2056 consonanter
786 1982 975 2075 invenies,
1002 1985 1063 2075 qui
1086 1983 1136 2057 se-

86 2078 227 2155 condum
246 2081 410 2156 duritiam
428 2079 574 2159 suam&
596 2101 662 2155 cor
684 2082 909 2174 impoenitens
927 2080 1136 2156 thesauriza·

86 2176 134 2251 vit
155 2180 190 2255 ts
211 2180 418 2255 recondidit
440 2182 504 2257 fibi
534 2182 596 2275 ipsr
620 2183 709 2255 itam
732 2180 769 2254 in
796 2181 959 2273 dieite,
985 2200 1056 2275 pro
1086 2204 1133 2256 eo

91 2280 175 2371 quod
186 2301 366 2373 nunquam
386 2282 514 2355 duritia
531 2282 605 2373 ejus
620 2282 671 2353 ita
687 2282 784 2377 argui
802 2280 892 2355 &in
911 2280 1135 2389 manifestum

89 2378 202 2451 venire
222 2379 415 2474 potuillet,
454 2381 516 2455 nist
536 2382 630 2479 figna
650 2380 684 2453 de
705 2382 869 2478 prodigia
890 2378 1032 2455 fuissent
1059 2393 1133 2456 tam

88 2478 185 2561 intrita
210 2492 354 2571 tamque
369 2476 563 2577 'magnifica
587 2478 786 2573 prosecuta.

152 2599 208 2655 12.
236 2580 349 2675 Quod
365 2580 389 2653 sr
407 2583 522 2655 minus
538 2582 660 2674 plenae
674 2580 844 2655 videntur
861 2578 930 2653 else
945 2580 1135 2674 probatio·

87 2690 139 2769 nos
156 2699 240 2771 quas
260 2680 431 2773 diximus,
469 2679 726 2773 &apostolicae
751 2680 984 2754 srmilitudinis
1005 2684 1135 2773 parum

87 2777 283 2859 munimenti
305 2778 437 2857 habere
458 2780 573 2856 adhuc
595 2778 740 2855 videtur
765 2776 928 2871 assertio3
967 2776 1130 2853 adhibeo·

1001 2899 1080 2953 mus

291 3033 717 3123 lnrnnrnnrnrro,
752 3060 900 3115 nove.

80 3175 147 3255 n'co
172 3176 337 3251 sermone
351 3179 435 3275 quid
457 3181 578 3254 dicant
593 3180 618 3253 ii
635 3179 695 3271 qui
710 3178 781 3252 Dei
796 3178 1051 3275 benignitatem
1067 3199 1127 3251 ex·

77 3280 163 3373 perti
186 3276 268 3351 sunt
292 3298 361 3351 nec
384 3278 534 3355 honeste
559 3281 758 3371 vixerunt,¹
775 3276 836 3363 sed
855 3276 981 3375 postea
1000 3298 1127 3375 pecca·

77 3392 171 3453 runt:
201 3382 269 3449 Cur
284 3402 392 3464 estote
411 3406 468 3453 nos
476 3380 599 3479 fecisti,
628 3383 790 3471 Domine,
822 3378 923 3455 onia
945 3374 1028 3465 tasas
1058 3382 1127 3451 cnr

75 3478 227 3579 indurasti
253 3502 304 3549 cor
326 3480 489 3575 noflsum,
528 3495 566 3555 ut
585 3504 651 3551 non
671 3483 849 3557 timeremus
871 3503 987 3559 nomen
1007 3472 1128 3551 tunm?

76 3582 266 3658 Convertere
277 3597 406 3677 propter
417 3580 528 3675 servos
545 3596 641 3667 tuos,
664 3594 790 3674 propter
806 3578 1127 3671 triluslmreditotis

71 3692 145 3769 tua,
168 3697 209 3755 ut
223 3680 414 3776 posticulam
427 3684 588 3779 capiamus
602 3679 797 3759 hereditatis
815 3682 932 3749 montis
946 3684 998 3751 tsi
1006 3678 1124 3766 famili.

68 3770 158 3865 Etim
173 3778 356 3883 Jeremiat
380 3780 533 3883 Decepisii
548 3806 633 3953 mel,q
641 3782 805 3869 Domine,
829 3778 866 3857 U
884 3780 1022 3877 deceptus
1038 3778 1120 3879 ¹sum,

185 3880 191 3885 ’
656 3902 685 3977 4,Ι
840 3942 841 3946 ,
996 3885 1080 3951 obti-
