2498 4254
258 196 338 275 na
385 154 745 325 amiternus„
775 184 883 276 tiu.
909 198 973 276 111.
1077 192 1152 297 rsa

84 368 154 438 nos
178 360 318 434 'arbitrii
334 361 437 435 liberi
454 360 679 455 potestatem.
730 356 907 451 Alioquin
926 356 1153 437 contrarium

88 460 174 535 effet
186 459 264 533 dari
277 460 384 535 nobis
400 462 564 534 mandata
576 482 621 532 ex
639 480 792 551 quorum
810 462 872 532 vel
889 458 1146 534 observatione

53 622 57 629 .
87 558 291 652 salvemur,
326 560 386 632 vel
405 560 702 652 prevaricatione
724 560 955 653 damnemur,
970 600 975 608 ·
988 560 1014 635 ir
1028 557 1146 634 obser·

88 660 197 733 randi
213 678 256 733 ea
267 658 417 733 facultas
436 662 475 734 in
488 660 595 736 nobis
611 679 687 733 non
707 657 768 734 est.

156 878 193 952 7.
220 856 361 931 Verum
385 857 554 948 quoniam
580 858 814 930 inveniuntur
845 850 986 950 in‘ipfis
1012 856 1144 930 divinis

89 955 266 1051 scripturis
285 957 441 1049 quaedam
455 959 568 1029 verba
583 958 633 1029 ita
645 957 780 1049 posita,
809 970 850 1029 ut
864 956 1084 1029 contrarium
1099 974 1147 1030 ex

87 1058 138 1131 his
164 1056 298 1148 aliquid
323 1058 488 1130 videatur
512 1056 660 1151 intelligi
691 1054 812 1152 polle,
849 1056 1076 1150 proferentes
1102 1076 1146 1130 ea

86 1156 296 1230 inmedium
317 1156 351 1228 dt
371 1154 561 1229 secundum
577 1156 719 1249 pietatis
736 1156 892 1253 regulam
912 1154 1144 1249 differentes,

88 1256 312 1330 adhibeamus
338 1276 465 1328 eorum
485 1255 746 1349 absolutiones,
785 1275 857 1348 quo
881 1276 926 1327 ex
946 1254 1001 1327 his
1020 1255 1144 1345 paucis

89 1374 160 1445 quae
178 1357 419 1447 exponimus,
445 1354 552 1427 etiam
568 1371 779 1427 caetcrorum
795 1374 871 1447 quae
885 1352 1041 1427 fimiliter
1054 1352 1146 1425 dicia

89 1452 186 1548 lunt,
214 1453 341 1544 quibus
363 1452 497 1526 arbitrii
517 1453 674 1547 potestas
692 1455 836 1527 videtur
857 1454 1019 1544 excludi,
1046 1450 1148 1525 abso-

89 1554 175 1627 lutio
196 1552 345 1625 evidens
366 1550 440 1628 fiat.
486 1546 604 1648 Igitur
624 1554 901 1647 quamplurimos
924 1548 1080 1625 movent
1105 1570 1148 1625 ea

91 1668 161 1745 quae
178 1652 226 1727 dc
237 1652 424 1728 Pharaone
445 1652 564 1725 aDeo
582 1651 672 1725 dida
692 1650 792 1745 sunt,
819 1652 963 1725 dicente
979 1651 1151 1742 frequen·
1190 1656 1196 1670 “

92 1750 174 1826 tius:
202 1754 267 1846 Ego
286 1752 502 1823 indurabatur
521 1754 708 1827 Pharaonis.
755 1752 792 1824 Si
815 1753 912 1829 enim
935 1772 955 1822 a
979 1750 1065 1823 Deo
1093 1750 1146 1823 in·

93 1850 254 1945 duratur,
279 1851 389 1944 &pet
403 1853 476 1925 hoc
494 1849 593 1943 quod
607 1850 818 1941 indurans,
846 1849 1041 1941 delinquit,
1066 1868 1145 1920 non

94 1948 151 2023 fibi
171 1949 245 2043 ipse
273 1951 408 2023 exstitit
426 1950 527 2023 causa
549 1948 677 2029 delitui.
707 2003 711 2013 .
728 1949 841 2051 Quod
858 1948 883 2022 fi
903 1948 954 2021 i-ta
969 1946 1041 2040 est,
1065 1966 1146 2021 non

46 2122 49 2131 ,
96 2048 268 2123 uidebitur
290 2050 427 2123 Pharao
450 2052 583 2124 habere
603 2048 738 2123 arbitrii
762 2050 989 2140 libertatem,
1016 2046 1051 2119 u
1071 2047 1145 2138 jam

97 2146 344 2241 consequenter
360 2148 543 2243 afferetun
554 2149 652 2241 quod
665 2151 739 2223 hoc
752 2149 925 2240 exemplo·
939 2162 1008 2219 nec
1024 2144 1146 2218 caeteri

97 2244 227 2340 quidem
247 2251 306 2341 qui
320 2264 493 2342 perorant,
528 2270 574 2323 ex
594 2250 728 2321 arbitrii
753 2246 802 2321 sui
824 2248 990 2320 libertate
1007 2243 1146 2319 causam

96 2348 294 2443 perditionis
310 2349 500 2441 accipiunt
551 2348 621 2422 Sed
638 2348 771 2421 &illud
787 2346 937 2439 quod-in
949 2342 1147 2417 Ezechiele

98 2444 214 2519 diuum
229 2445 300 2541 est,
326 2468 409 2523 cum
423 2451 527 2524 dicit:
552 2450 708 2540 Auferam
724 2474 828 2521 aarum
842 2444 1082 2542 repraesenta,
1104 2440 1146 2519 θ

102 2548 263 2619 tramittam
282 2552 327 2618 eir
347 2574 489 2637 carnea,
524 2565 561 2618 ut
581 2556 618 2618 in
635 2555 788 2644 praecptis
809 2552 885 2618 meis
908 2540 1144 2631 incedentis&

98 2650 160 2719 vias
178 2672 262 2719 meas
286 2648 480 2747 custodiam:
512 2668 664 2724 movere
689 2648 793 2743 poffit
822 2647 973 2741 aliquem
998 2662 1144 2817 prodeo

191 2798 195 2803 .
991 2763 1064 2838 quo

306 2904 735 2987 Iuaaunnnnuauo
769 2891 921 2983 noun(
992 2982 995 2989 ,

95 3046 180 3121 amm
199 3068 221 3121 a
243 3046 329 3121 Deo
346 3049 553 3142 induratur,
589 3048 623 3120 δι
646 3048 728 3140 quia
753 3048 967 3138 induratur,
993 3052 1147 3134 peccat,

93 3164 161 3219 non
177 3146 250 3240 ipse
263 3147 325 3220 fibi
343 3147 443 3221 causa
454 3147 595 3241 peccati
606 3147 676 3240 est,
701 3148 750 3221 stc
764 3167 881 3238 neque
895 3142 1043 3237 suijuris
1056 3139 1151 3212 Pha-

93 3264 161 3323 rao.
213 3246 308 3320 Hinc
323 3270 368 3321 ex
380 3249 479 3322 simili
499 3248 595 3320 dicet
612 3248 736 3338 aliquis
752 3267 828 3319 non
844 3242 913 3319 esse
930 3244 1065 3317 liberos
1084 3238 1149 3332 qui

92 3360 258 3441 pereunt,
285 3368 402 3439 neque
420 3369 485 3441 per
505 3346 540 3421 se
558 3344 653 3440 ipsos
668 3347 808 3439 perire:
834 3342 982 3435 &quod
1002 3342 1040 3413 in
1053 3334 1147 3412 Eze-

92 3445 200 3521 chiele
217 3446 368 3522 dicitur:
392 3451 548 3541 Auferam
569 3470 674 3518 rorum
696 3448 817 3543 lapidea
831 3446 946 3537 corda,
969 3441 1007 3521 Θ
1024 3444 1147 3511 immit-

90 3559 152 3617 tam
175 3551 222 3618 eir
241 3570 354 3617 carnea
373 3564 411 3620 arr
430 3556 467 3619 in
487 3551 645 3645 praecptis
662 3550 738 3615 meis
752 3546 924 3631 incedant,
948 3539 989 3619 ὁ*
997 3539 1146 3639 juflr‘tr'at

89 3668 166 3719 near
177 3644 366 3742 custodiam:
392 3667 545 3720 movere
566 3647 670 3740 poffit
683 3647 835 3741 aliquem
851 3641 945 3737 quasi
960 3638 1062 3714 Deus
1080 3636 1144 3709 det

89 3748 146 3820 vel
168 3744 338 3819 incedere
352 3747 390 3818 in
405 3744 473 3819 suis
495 3744 668 3819 mandatis
689 3747 752 3818 vel
776 3742 853 3819 suas
873 3738 1145 3835 judicationes

90 3844 292 3942 custodire,
317 3845 401 3925 dum
415 3845 453 3927 id
463 3844 566 3947 quod
579 3842 697 4023 oliialat
707 3844 751 3923 ad
761 3833 1152 3927 custodiendamandn-

208 3991 211 3997 ,
677 3970 707 4045 4
1075 3949 1125 4009 ta
