2498 4254
83 179 155 248 ¹16
416 178 828 265 ORIGENIS

84 337 198 430 tnagis
214 355 323 431 qttam
340 364 385 417 ex
402 346 519 421 nostri
534 348 653 423 sensus
668 351 1006 443 contemplatione,
1033 330 1156 440 divini

78 451 213 546 tratura
234 501 237 510 .
266 444 478 537 intuitisque
496 449 729 523 nihilominus
748 451 918 523 creaturis
939 450 1016 541 aius
1037 448 1154 523 visabi·

78 529 201 623 libus„
241 538 312 616 lile
339 568 488 639 querque
512 547 746 622 invisibilibus
771 549 1046 644 contemplatis,
1075 548 1154 639 quia

81 651 163 707 uon
185 645 310 717 omitia
324 648 383 717 vel
404 650 522 721 oculis
542 649 667 723 videre
685 648 806 742 potest
817 650 972 722 humana
986 647 1155 743 fragilitas

83 741 146 806 rel
173 746 320 817 ratione
339 746 554 842 complesti,
579 769 647 840 pro
670 770 717 820 eo
741 748 1023 842 quodomnium
1049 746 1154 819 ratio·

80 839 263 945 titinium
291 842 466 919 inlirmius
495 846 708 942 &fragilius
735 843 863 921 animal
888 869 960 921 nos
986 848 1151 920 liomines

82 939 236 1015 tunes:
282 942 528 1037 praestantiora
562 952 656 1020 onim
700 946 873 1020 sentilla
907 969 985 1039 quae
1022 946 1087 1033 vel
1115 933 1177 1040 inl

84 1041 208 1125 caio,
250 1048 309 1116 vel
338 1044 443 1137 super
469 1047 807 1143 coelosbabentur:
841 1044 998 1141 superest
1030 1056 1074 1117 ut
1096 1047 1149 1119 ha·

82 1153 164 1210 turn
189 1147 355 1240 omnium
380 1146 639 1224 creaturarum,
665 1146 809 1239 &Dei,
833 1148 1017 1240 medium,
1049 1142 1087 1215 id
1103 1049 1177 1325 ests

84 1240 329 1317 mediatorem
350 1267 565 1335 quaeramus,
598 1266 704 1336 quem
722 1245 851 1318 Paulus
866 1233 1068 1339 Apostolus
1086 1245 1145 1339 pri·
1158 1273 1173 1313 ·,

83 1342 318 1431 mogenitunr
347 1347 464 1419 omnis
491 1362 662 1417 creaturae
694 1348 922 1439 pronunciat.
964 1340 1144 1419 'videntes
1164 1345 1177 1423 n

87 1452 239 1545 quoque
265 1465 336 1515 nos
361 1467 404 1517 ea
432 1466 509 1536 quae
532 1446 577 1516 de
607 1446 682 1536 ejus
704 1443 884 1536 majestate
907 1445 947 1516 in
973 1443 1177 1538 scripturis}

86 1534 216 1611 sanetis
235 1544 463 1634 referuntur,
490 1543 725 1616 &intuentes
748 1548 846 1634 quod
864 1549 961 1637 imago
980 1544 1142 1638 invifilills
1165 1553 1177 1636 [a

88 1636 180 1727 Dar,
207 1654 244 1716 U
270 1649 492 1740 prianogarrltus
517 1648 619 1712 omnis
635 1662 785 1714 creatura
811 1644 969 1737 dicatur,
995 1641 1031 1716 &
1056 1640 1141 1736 quod

90 1739 128 1806 ill·
144 1742 207 1834 ipso
222 1763 325 1815 creata
343 1746 418 1830 futat
437 1749 542 1815 omnia
560 1742 700 1839 vifibilia
722 1741 761 1817 (5
776 1744 965 1835 iuvifiba'liu,
988 1744 1142 1835 fivetbre
1163 1771 1177 1866 p

89 1863 152 1932 aa,
177 1841 248 1937 stare
277 1848 519 1931 inminutiones,
543 1842 613 1939 five
633 1848 854 1940 principatur,
882 1842 947 1933 five
971 1841 1141 1940 parastum,

91 1950 198 2012 amatia
223 1970 280 2040 per
299 1947 418 2042 ipsum,
443 1942 482 2019 (Ἰ
504 1949 541 2012 iat
556 1943 616 2036 apso
633 1961 737 2015 creata
750 1940 847 2035 staats:
874 1940 913 2018 (5
936 1942 997 2037 ipse
1016 1943 1057 2040 est
1076 1933 1140 2015 aaut

90 2069 219 2132 narratas,
245 2044 285 2121 (5
299 2050 403 2116 arnaria
424 2047 472 2114 iHa'
490 2042 654 2139 conflant,
691 2046 751 2134 qui
772 2040 822 2114 est
840 2056 950 2136 caput
966 2043 1140 2143 omnium}

91 2142 189 2216 solus
206 2147 342 2217 habens
362 2155 471 2235 caput
485 2143 604 2215 Deum
620 2156 779 2235 patrem;
805 2140 972 2233 sctiptum
987 2140 1039 2215 est
1057 2142 1158 2215 enlm

96 2247 199 2333 Caput
224 2263 326 2316 ararem
357 2243 476 2338 Cbnfli
505 2248 611 2311 lleus:
649 2241 881 2336 pervidentes
920 2242 1028 2313 etiam
1055 2234 1177 2332 quod,-

92 2342 263 2435 scripturn
291 2342 361 2436 etl,
388 2342 557 2431 quoniam
583 2367 670 2411 nemo
694 2349 790 2411 navit
810 2357 935 2436 patrem
960 2342 1023 2431 nifi
1038 2342 1139 2431 filias,
1164 2325 1177 2415 ’··,

92 2450 270 2541 nequaquan
290 2447 383 2527 aravit
390 2442 500 2530 filium
509 2441 571 2535 nist
580 2459 682 2535 paler.
703 2438 816 2538 (Quis
831 2442 927 2511 enim
941 2438 1062 2531 potest
1069 2434 1140 2513 nos·
1173 2467 1177 2478 ¹

92 2537 129 2615 se
149 2566 225 2657 epam
245 2543 286 2615 sat
306 2542 498 2634 sapientia,
522 2540 587 2613 nisa
608 2542 669 2631 qui
692 2542 818 2635 genuit
840 2536 950 2611 earn?
974 2539 1052 2611 Aut
1075 2534 1140 2631 quir

94 2644 139 2714 ad
156 2637 419 2733 liquidumque
436 2641 477 2710 lit
494 2641 626 2711 veritas
640 2641 749 2711 novit
762 2636 825 2710 nist
843 2639 1006 2709 veritatis
1023 2630 1140 2731 pateri

95 2744 189 2839 Quis
204 2759 305 2813 certe
319 2738 521 2811 universam
535 2740 636 2810 verbi
654 2738 704 2809 sui
719 2752 893 2826 naturam,
921 2750 1029 2828 atque
1046 2733 1141 2826 ipsias

93 2840 167 2914 Dei
188 2862 264 2933 quat
287 2861 334 2911 ex
356 2838 439 2910 Deo
463 2836 531 2929 est,
557 2836 770 2932 investigare
795 2836 944 2930 potuit,
969 2836 1033 2909 nili
1057 2833 1141 2907 solu't

90 2938 196 3013 Deus
213 2939 306 3031 apud
322 2959 428 3027 quem
445 2950 520 3007 erat
533 2938 684 3008 verbum
693 2935 733 3032 2)
743 2956 810 3029 pro
827 2948 931 3007 certo
946 2932 1142 3007 habereda·

91 3043 218 3113 bernus
239 3035 337 3129 lpuod
353 3038 426 3107 hoc
441 3036 607 3125 verbum,
633 3034 706 3107 save
722 3036 814 3105 ratio
830 3033 983 3106 dicenda
995 3030 1047 3106 est
1060 3034 1144 3105 hant

92 3137 325 3230 sapientiam,
352 3137 445 3207 hanc
471 3136 684 3225 veritatem,
710 3135 829 3207 nullus
853 3134 942 3205 alius
968 3132 1032 3204 nisa
1057 3132 1167 3235 solus,

93 3251 196 3329 pater
220 3240 345 3312 novit,
380 3235 425 3306 de
452 3254 525 3323 quo
550 3232 717 3327 seriptum
742 3231 812 3305 est:
838 3236 895 3304 Na
913 3232 1011 3327 ipsum
1030 3232 1144 3329 qualem

94 3341 242 3404 muudum
257 3357 359 3428 capere
373 3336 516 3403 arbitror
534 3334 628 3403 libros
643 3340 699 3431 qui
712 3334 948 3419 scriberentur:
976 3331 1021 3402 de
1038 3330 1144 3426 gloria

91 3433 276 3506 scilieet&
292 3432 472 3523 majestate
489 3429 553 3502 filii
566 3432 648 3504 Dei.
698 3430 913 3524 Impossibile
929 3449 1085 3521 namque
1100 3424 1145 3502 est

92 3534 205 3606 literis
226 3537 453 3605 committere
473 3553 514 3601 ea
530 3551 608 3620 quae
629 3531 672 3601 ad
688 3528 884 3603 Salvatoris
899 3530 1053 3629 gloriam
1072 3546 1146 3623 per·

93 3633 225 3704 tinent.
279 3630 343 3701 His
357 3634 462 3727 igitur
475 3630 584 3701 tantis
601 3650 642 3701 ac
658 3631 786 3701 talibus
805 3630 849 3702 de
862 3644 989 3701 natura
1000 3624 1066 3699 filii
1080 3626 1148 3699 Dei

91 3729 349 3817 consideratis,
375 3752 456 3803 cum
469 3728 600 3811 sumana
617 3728 852 3801 admiratione
870 3724 1147 3821 obstupescimus

89 3828 192 3922 quod
210 3830 372 3906 eminens
394 3828 557 3904 omnium
571 3822 636 3924 ista
659 3841 787 3903 natura
811 3826 1039 4006 exinaniensst
1044 3824 1082 3898 se
1107 3824 1149 3899 de

572 3935 583 3948 ''
1040 3937 1104 4004 atu
