2498 4254
44 134 170 212 ’1116
301 114 309 124 ’
411 124 820 207 ORIGENIS
949 166 952 173 ·

95 293 201 385 bati,
232 291 296 365 vel
317 288 489 387 sanguinis
512 290 636 365 effusio
654 295 797 385 pecoris
813 347 838 387 ‚.
851 314 968 388 neque
992 296 1095 391 quod
1115 300 1139 387 d

95 396 151 469 his
166 392 289 484 Moysi
307 390 472 484 responsa
497 392 663 465 darentur
687 417 705 465 a
726 394 833 467 Deo:
860 397 920 488 qui
935 397 1064 490 utique
1083 396 1139 475 sen

95 492 153 569 sus
174 493 318 565 dubium
334 492 477 565 nonest
494 492 592 583 quod
605 492 755 584 Spiritus
769 491 877 568 sandi
892 498 1032 571 virtute
1044 500 1139 577 omni

97 595 164 668 bus
180 590 395 688 suggeratur.

175 714 207 783 3.
232 693 332 763 Sicut
357 704 474 766 autern
488 690 590 763 multi
610 689 690 763 sunt
705 690 904 767 intellesbus
926 692 971 767 de
992 694 1133 771 christo

97 792 157 885 qui
174 792 299 881 utique
317 794 477 881 quamvis
492 788 659 883 sapientia
679 790 740 883 sit,
766 812 843 864 non
858 796 1027 868 tamenin
1044 796 1139 877 omni

84 895 164 966 Ι11113
188 890 366 983 sapientiae
386 890 457 985 agit
467 902 534 964 ‚aut
553 891 697 963 obtinet
716 892 811 985 vim,
837 892 900 965 nisr
917 894 955 967 in
968 895 1024 967 his
1045 896 1139 988 quib

94 992 172 1087 ipso
191 990 369 1084 sapierrtiae
391 990 554 1062 student:
584 1011 702 1080 neque
720 1011 800 1062 curn
819 992 978 1065 medicus
994 994 1139 1088 dicatur,

96 1113 182 1187 erga
201 1111 327 1162 omnes
343 1089 437 1180 quasr
452 1089 611 1162 medicus
628 1090 719 1187 agit,
745 1087 901 1187 sed-erga
913 1094 995 1164 illos
1016 1106 1139 1166 tantun

96 1193 158 1284 qui
174 1189 391 1284 aegritudinis
410 1188 478 1262 suae
490 1188 675 1261 intellesio
693 1190 866 1284 languore
883 1192 1139 1289 confugiuntad

94 1287 372 1365 misericordiam
398 1290 501 1381 ejus,
536 1302 578 1361 ut
601 1288 730 1383 possint¹
755 1287 926 1381 consequi
948 1290 1139 1367 sanitatem:

92 1391 145 1463 ita
167 1388 324 1461 arbitror
344 1388 449 1461 etiarn
469 1388 512 1460 de
532 1388 666 1479 Spiritu
683 1386 800 1460 sanslo
820 1390 857 1461 in
877 1410 950 1480 quo
971 1392 1087 1466 omnis
1102 1388 1139 1465 eil

78 1504 221 1567 :natura
246 1487 438 1561 donorum.
489 1483 579 1561 Aliis
603 1509 755 1578 namque
776 1491 955 1583 praebetur
977 1511 1044 1583 per
1061 1490 1139 1583 spiri·

84 1585 530 1679 Ι111111131111111131311ῑὶ11,
563 1586 637 1658 aliis
662 1584 776 1660 sermo
805 1586 988 1681 scientia,
1022 1592 1094 1664 aliis
1109 1585 1139 1663 fi·

94 1690 179 1779 des,
208 1688 303 1760 &ita
319 1709 383 1782 per
398 1686 552 1781 srngulos
571 1685 630 1776 qui
646 1708 727 1758 eurn
743 1708 873 1779 capere
890 1687 1057 1783 possunt,
1080 1690 1139 1785 hor

92 1787 267 1877 efficitur,
293 1788 356 1860 vel
377 1788 450 1860 hoc
467 1785 677 1881 intelligitur
696 1785 769 1878 ipse
789 1786 951 1881 spiritus,
978 1810 1051 1881 quo
1067 1786 1139 1861 ind

6 1972 12 1981 ,
94 1901 157 1985 get
170 1890 230 1961 ille
246 1886 306 1980 qui
327 1909 408 1959 eum
426 1885 640 1980 participare
662 1887 844 1962 meruerit.
898 1890 998 2002 eras
1015 1886 1139 1972 divisio·

92 2012 158 2063 nes
176 2010 217 2061 ac
234 1985 453 2060 differentias
475 2006 551 2057 non
569 1985 800 2076 advertentes
819 1986 856 2060 hi
874 2009 934 2079 qur
952 2009 1034 2061 eunr
1054 1986 1139 2075 Para·

94 2092 229 2162 cletum
247 2088 284 2158 in
300 2085 504 2179 Evangelio
525 2083 673 2157 audiunt
687 2087 886 2179 nominari,
911 2104 1029 2180 neque
1044 2082 1139 2161 confi·

75 2188 259 2261 -derantes
276 2206 319 2257 ex
336 2205 408 2275 quo
419 2205 531 2275 opere
551 2185 612 2255 vel
629 2182 708 2256 adiu
719 2182 921 2260 Paracletus
935 2188 1139 2279 nominetur,

93 2287 227 2360 vilibus
246 2306 327 2357 eunr
344 2280 465 2356 nescio
486 2282 612 2373 quibus
626 2282 803 2374 spiritibus
821 2302 1093 2381 compararunt,
1114 2284 1139 2357 11

92 2406 158 2480 per
172 2384 246 2458 hoc
264 2384 484 2454 conturbare
502 2383 624 2454 conati
641 2381 721 2455 sunt
742 2384 903 2457 ecclesias
925 2384 1080 2479 Christi,
1101 2384 1139 2457 ita

92 2497 136 2559 ut
167 2481 398 2574 dissentiones
429 2480 598 2555 fratribus
632 2504 709 2555 non
738 2484 898 2557 modicas
932 2496 1139 2581 generarent

91 2582 331 2677 Evangeliurn
353 2601 447 2653 vero
469 2596 578 2654 tantae
602 2604 682 2656 eunr
705 2584 880 2674 potentiae
903 2606 943 2656 ac
966 2579 1139 2677 maiestatis

92 2683 269 2776 ostendit,
295 2693 337 2753 ut
353 2681 449 2769 dicat
465 2678 668 2773 Apostolos
682 2703 759 2755 non
776 2682 876 2774 posse
896 2704 1024 2779 capere
1041 2684 1139 2757 adbuc

78 2807 137 2859 ea
158 2805 235 2875 quae
256 2782 408 2854 volebat
424 2780 557 2853 docere
576 2803 641 2853 eos
655 2781 844 2876 Salvator,
869 2782 932 2855 nisr
952 2805 1034 2859 cum
1050 2782 1139 2873 adue

91 2886 188 2959 nerit
202 2878 362 2976 Spiritus
377 2878 535 2973 senous,
562 2880 672 2971 quise
691 2901 819 2955 eorum
839 2884 1020 2962 animabus
1041 2882 1139 2959 infun·

92 2984 181 3059 dens
204 2983 403 3055 illuminare
425 3002 489 3053 eos
507 2980 611 3075 possit
634 2981 678 3052 de
695 2980 836 3053 ratione
855 3003 896 3053 ac
910 2980 982 3055 fide
1001 2980 1139 3082 Trinita

91 3084 151 3161 tis.
202 3082 260 3157 lsti
276 3100 368 3153 vero
388 3102 456 3174 pro
473 3080 648 3172 imperitia
664 3078 714 3151 sui
732 3080 952 3173 intelleslus,
978 3082 1062 3173 quia
1079 3100 1139 3178 not

53 3191 56 3202 '
92 3182 208 3256 solum
226 3181 288 3277 ipsi
311 3180 410 3273 quod
429 3178 567 3279 redium
586 3179 636 3251 est
653 3177 914 3271 consequenter
936 3203 1014 3254 non
1032 3184 1139 3255 valent

94 3302 304 3374 exponere,
332 3278 455 3353 sedne
475 3279 527 3351 his
551 3278 691 3371 quidem
709 3300 785 3369 quae
802 3305 822 3351 a
838 3280 944 3353 nobis
968 3280 1139 3355 dicuntur.

92 3380 239 3475 possunt
255 3380 471 3453 audientiam
489 3380 732 3473 commodare,
746 3381 888 3452 minora
897 3401 1002 3471 quarn
1013 3380 1139 3478 dignun

93 3478 146 3553 est
162 3478 207 3551 de
224 3480 300 3570 ejus
324 3480 512 3551 divinitate
532 3477 747 3572 sentientes,
782 3481 962 3552 erroribus
983 3478 1020 3553 se
1039 3501 1081 3554 ac
1099 3480 1139 3554 de

32 3648 36 3659 ,
75 3580 322 3672 .cepti0nibus
337 3579 579 3672 tradiderunt,
606 3579 761 3651 erratico
776 3578 884 3674 magis
901 3578 1026 3673 spiritu
1035 3578 1139 3676 depra

95 3678 194 3775 vati,
222 3700 326 3770 quarn
348 3676 453 3751 sandi
469 3678 604 3772 Spirius
628 3677 910 3751 institutionibus
931 3678 1085 3774 eruditi,
1108 3678 1139 3755 se

95 3778 251 3871 cundum
269 3778 376 3874 ,quod
396 3775 597 3877 Apostolus
618 3777 735 3854 dixit:
773 3777 965 3857 Doslrinam
981 3780 1139 3876 spiritura

640 3906 648 3921 ’
946 3880 1109 3955 remmio·
