<?xml version="1.0" encoding="UTF-8"?>
<!DOCTYPE html PUBLIC "-//W3C//DTD XHTML 1.0 Transitional//EN"
    "http://www.w3.org/TR/xhtml1/DTD/xhtml1-transitional.dtd">
<html xmlns="http://www.w3.org/1999/xhtml" xml:lang="en" lang="en">
 <head>
  <title>
</title>
<meta http-equiv="Content-Type" content="text/html;charset=utf-8" />
  <meta name='ocr-system' content='tesseract 3.04.00' />
  <meta name='ocr-capabilities' content='ocr_page ocr_carea ocr_par ocr_line ocrx_word'/>
</head>
<body>
  <div class='ocr_page' id='page_1' title='image "./operaomniasanct08unkngoog_0264.png"; bbox 0 0 2498 4254; ppageno 0'>
   <div class='ocr_carea' id='block_1_1' title="bbox 276 112 1150 264">
    <p class='ocr_par' dir='ltr' id='par_1_1' title="bbox 276 112 1150 264">
     <span class='ocr_line' id='line_1_1' title="bbox 276 112 1150 264; baseline 0 -19"><span class='ocrx_word' id='word_1_1' title='bbox 276 164 355 245; x_wconf 78' lang='lat' dir='ltr'>or</span> <span class='ocrx_word' id='word_1_2' title='bbox 403 112 734 263; x_wconf 74' lang='lat' dir='ltr'>rrrn‘crrns,</span> <span class='ocrx_word' id='word_1_3' title='bbox 784 160 968 251; x_wconf 77' lang='lat' dir='ltr'>tram</span> <span class='ocrx_word' id='word_1_4' title='bbox 1025 240 1029 247; x_wconf 86' lang='grc'><strong>,</strong></span> <span class='ocrx_word' id='word_1_5' title='bbox 1082 190 1150 264; x_wconf 77' lang='lat'>241</span> 
     </span>
    </p>
   </div>
   <div class='ocr_carea' id='block_1_2' title="bbox 86 328 1239 2917">
    <p class='ocr_par' dir='ltr' id='par_1_2' title="bbox 94 328 1153 529">
     <span class='ocr_line' id='line_1_2' title="bbox 94 328 1152 429; baseline 0.004 -26"><span class='ocrx_word' id='word_1_6' title='bbox 94 331 262 423; x_wconf 70' lang='lat' dir='ltr'>eumqui</span> <span class='ocrx_word' id='word_1_7' title='bbox 279 330 384 413; x_wconf 80' lang='lat' dir='ltr'>laude</span> <span class='ocrx_word' id='word_1_8' title='bbox 398 328 522 429; x_wconf 86' lang='lat' dir='ltr'>dignus</span> <span class='ocrx_word' id='word_1_9' title='bbox 537 328 587 403; x_wconf 86' lang='lat' dir='ltr'>est</span> <span class='ocrx_word' id='word_1_10' title='bbox 597 347 666 423; x_wconf 88' lang='lat' dir='ltr'>pro</span> <span class='ocrx_word' id='word_1_11' title='bbox 678 348 790 423; x_wconf 90' lang='lat' dir='ltr'>opere</span> <span class='ocrx_word' id='word_1_12' title='bbox 799 330 923 423; x_wconf 91' lang='lat' dir='ltr'>bono,</span> <span class='ocrx_word' id='word_1_13' title='bbox 950 328 984 404; x_wconf 72' lang='grc' dir='ltr'>δι</span> <span class='ocrx_word' id='word_1_14' title='bbox 1001 328 1152 427; x_wconf 86' lang='lat' dir='ltr'>rursum,</span> 
     </span>
     <span class='ocr_line' id='line_1_3' title="bbox 95 428 1153 529; baseline 0.002 -26"><span class='ocrx_word' id='word_1_15' title='bbox 95 446 266 529; x_wconf 73' lang='lat' dir='ltr'>tanquam</span> <span class='ocrx_word' id='word_1_16' title='bbox 283 432 320 505; x_wconf 90' lang='lat' dir='ltr'>in</span> <span class='ocrx_word' id='word_1_17' title='bbox 332 429 462 505; x_wconf 88' lang='lat' dir='ltr'>nullius</span> <span class='ocrx_word' id='word_1_18' title='bbox 476 428 519 503; x_wconf 82' lang='lat' dir='ltr'>sit</span> <span class='ocrx_word' id='word_1_19' title='bbox 533 428 710 525; x_wconf 88' lang='lat' dir='ltr'>potestate</span> <span class='ocrx_word' id='word_1_20' title='bbox 729 449 834 525; x_wconf 90' lang='lat' dir='ltr'>agere</span> <span class='ocrx_word' id='word_1_21' title='bbox 847 429 978 523; x_wconf 86' lang='lat' dir='ltr'>aliquid</span> <span class='ocrx_word' id='word_1_22' title='bbox 988 432 1078 506; x_wconf 89' lang='lat' dir='ltr'>boni</span> <span class='ocrx_word' id='word_1_23' title='bbox 1091 432 1153 505; x_wconf 90' lang='lat' dir='ltr'>vel</span> 
     </span>
    </p>

    <p class='ocr_par' dir='ltr' id='par_1_3' title="bbox 135 526 1152 624">
     <span class='ocr_line' id='line_1_4' title="bbox 135 526 1152 624; baseline 0 -19"><span class='ocrx_word' id='word_1_24' title='bbox 135 532 200 624; x_wconf 86' lang='lat' dir='ltr'>ali,</span> <span class='ocrx_word' id='word_1_25' title='bbox 228 531 347 605; x_wconf 86' lang='lat' dir='ltr'>dicere</span> <span class='ocrx_word' id='word_1_26' title='bbox 362 532 533 603; x_wconf 87' lang='lat' dir='ltr'>creatoris</span> <span class='ocrx_word' id='word_1_27' title='bbox 555 526 623 603; x_wconf 86' lang='lat' dir='ltr'>esse</span> <span class='ocrx_word' id='word_1_28' title='bbox 636 550 728 622; x_wconf 88' lang='lat' dir='ltr'>opus</span> <span class='ocrx_word' id='word_1_29' title='bbox 742 550 761 623; x_wconf 60' lang='lat'>,’</span> <span class='ocrx_word' id='word_1_30' title='bbox 780 542 821 601; x_wconf 91' lang='lat' dir='ltr'>ut</span> <span class='ocrx_word' id='word_1_31' title='bbox 835 528 1076 623; x_wconf 88' lang='lat' dir='ltr'>unusquisque</span> <span class='ocrx_word' id='word_1_32' title='bbox 1090 532 1152 605; x_wconf 90' lang='lat' dir='ltr'>vel</span> 
     </span>
    </p>

    <p class='ocr_par' dir='ltr' id='par_1_4' title="bbox 86 628 1211 2220">
     <span class='ocr_line' id='line_1_5' title="bbox 122 628 1151 729; baseline -0.002 -24"><span class='ocrx_word' id='word_1_33' title='bbox 122 651 190 706; x_wconf 86' lang='lat' dir='ltr'>ene</span> <span class='ocrx_word' id='word_1_34' title='bbox 206 645 287 727; x_wconf 88' lang='lat' dir='ltr'>agat</span> <span class='ocrx_word' id='word_1_35' title='bbox 302 628 363 702; x_wconf 90' lang='lat' dir='ltr'>vel</span> <span class='ocrx_word' id='word_1_36' title='bbox 375 631 486 713; x_wconf 81' lang='lat' dir='ltr'>male,</span> <span class='ocrx_word' id='word_1_37' title='bbox 514 650 593 703; x_wconf 89' lang='lat' dir='ltr'>cum</span> <span class='ocrx_word' id='word_1_38' title='bbox 609 628 945 729; x_wconf 65' lang='lat' dir='ltr'>asiudadnonorem</span> <span class='ocrx_word' id='word_1_39' title='bbox 953 650 1017 703; x_wconf 81' lang='lat' dir='ltr'>vas</span> <span class='ocrx_word' id='word_1_40' title='bbox 1029 629 1151 725; x_wconf 87' lang='lat' dir='ltr'>faciat,</span> 
     </span>
     <span class='ocr_line' id='line_1_6' title="bbox 92 728 1152 829; baseline 0.002 -26"><span class='ocrx_word' id='word_1_41' title='bbox 92 728 194 815; x_wconf 75' lang='lat' dir='ltr'>aliud</span> <span class='ocrx_word' id='word_1_42' title='bbox 216 728 260 803; x_wconf 89' lang='lat' dir='ltr'>ad</span> <span class='ocrx_word' id='word_1_43' title='bbox 283 731 546 805; x_wconf 89' lang='lat' dir='ltr'>contumeliam.</span> <span class='ocrx_word' id='word_1_44' title='bbox 598 728 799 829; x_wconf 89' lang='lat' dir='ltr'>Quomodo</span> <span class='ocrx_word' id='word_1_45' title='bbox 818 743 937 803; x_wconf 87' lang='lat' dir='ltr'>autem</span> <span class='ocrx_word' id='word_1_46' title='bbox 954 729 1042 803; x_wconf 91' lang='lat' dir='ltr'>illud</span> <span class='ocrx_word' id='word_1_47' title='bbox 1065 752 1152 823; x_wconf 90' lang='lat' dir='ltr'>quo·</span> 
     </span>
     <span class='ocr_line' id='line_1_7' title="bbox 95 828 1211 926; baseline -0.001 -25"><span class='ocrx_word' id='word_1_48' title='bbox 95 850 170 923; x_wconf 86' lang='lat' dir='ltr'>que</span> <span class='ocrx_word' id='word_1_49' title='bbox 191 832 288 905; x_wconf 86' lang='lat' dir='ltr'>addit</span> <span class='ocrx_word' id='word_1_50' title='bbox 302 830 385 922; x_wconf 84' lang='lat' dir='ltr'>quia</span> <span class='ocrx_word' id='word_1_51' title='bbox 397 854 499 901; x_wconf 81' lang='lat' dir='ltr'>omnes</span> <span class='ocrx_word' id='word_1_52' title='bbox 514 854 571 900; x_wconf 83' lang='lat' dir='ltr'>nos</span> <span class='ocrx_word' id='word_1_53' title='bbox 578 828 662 926; x_wconf 68' lang='lat' dir='ltr'>flare</span> <span class='ocrx_word' id='word_1_54' title='bbox 671 848 789 925; x_wconf 79' lang='lat' dir='ltr'>oportet</span> <span class='ocrx_word' id='word_1_55' title='bbox 802 846 879 899; x_wconf 82' lang='lat' dir='ltr'>ante</span> <span class='ocrx_word' id='word_1_56' title='bbox 895 830 1042 901; x_wconf 83' lang='lat' dir='ltr'>tribunal</span> <span class='ocrx_word' id='word_1_57' title='bbox 1056 832 1153 901; x_wconf 82' lang='lat' dir='ltr'>Chri·</span> <span class='ocrx_word' id='word_1_58' title='bbox 1208 908 1211 913; x_wconf 55' lang='grc'><strong>,</strong></span> 
     </span>
     <span class='ocr_line' id='line_1_8' title="bbox 86 914 1154 1029; baseline 0.002 -30"><span class='ocrx_word' id='word_1_59' title='bbox 86 932 161 1029; x_wconf 70' lang='lat' dir='ltr'>Jsr&#39;,</span> <span class='ocrx_word' id='word_1_60' title='bbox 195 951 233 1001; x_wconf 86' lang='lat' dir='ltr'>ut</span> <span class='ocrx_word' id='word_1_61' title='bbox 254 914 384 1025; x_wconf 68' lang='lat' dir='ltr'>r&#39;ecr&#39;piat</span> <span class='ocrx_word' id='word_1_62' title='bbox 404 953 617 1027; x_wconf 68' lang='lat' dir='ltr'>unusquisque</span> <span class='ocrx_word' id='word_1_63' title='bbox 637 930 770 1026; x_wconf 66' lang='lat' dir='ltr'>&#39;rostrum</span> <span class='ocrx_word' id='word_1_64' title='bbox 794 934 832 999; x_wconf 80' lang='lat' dir='ltr'>in</span> <span class='ocrx_word' id='word_1_65' title='bbox 851 950 971 1023; x_wconf 77' lang='lat' dir='ltr'>corpore</span> <span class='ocrx_word' id='word_1_66' title='bbox 987 932 1045 1019; x_wconf 81' lang='lat' dir='ltr'>suo</span> <span class='ocrx_word' id='word_1_67' title='bbox 1056 944 1154 1027; x_wconf 79' lang='lat' dir='ltr'>prout</span> 
     </span>
     <span class='ocr_line' id='line_1_9' title="bbox 86 1022 1153 1130; baseline 0.005 -32"><span class='ocrx_word' id='word_1_68' title='bbox 86 1025 207 1125; x_wconf 69' lang='lat' dir='ltr'>gessar,</span> <span class='ocrx_word' id='word_1_69' title='bbox 229 1030 294 1123; x_wconf 75' lang='lat' dir='ltr'>five</span> <span class='ocrx_word' id='word_1_70' title='bbox 305 1033 416 1100; x_wconf 80' lang='lat' dir='ltr'>bonum</span> <span class='ocrx_word' id='word_1_71' title='bbox 427 1031 498 1127; x_wconf 79' lang='lat' dir='ltr'>five</span> <span class='ocrx_word' id='word_1_72' title='bbox 515 1022 654 1103; x_wconf 72' lang='lat' dir='ltr'>malum?</span> <span class='ocrx_word' id='word_1_73' title='bbox 678 1032 769 1130; x_wconf 87' lang='lat' dir='ltr'>Quae</span> <span class='ocrx_word' id='word_1_74' title='bbox 784 1028 878 1103; x_wconf 90' lang='lat' dir='ltr'>enim</span> <span class='ocrx_word' id='word_1_75' title='bbox 897 1028 986 1103; x_wconf 88' lang='lat' dir='ltr'>boni</span> <span class='ocrx_word' id='word_1_76' title='bbox 1001 1030 1153 1103; x_wconf 88' lang='lat' dir='ltr'>retribu-</span> 
     </span>
     <span class='ocr_line' id='line_1_10' title="bbox 94 1127 1155 1224; baseline 0 -23"><span class='ocrx_word' id='word_1_77' title='bbox 94 1129 153 1201; x_wconf 89' lang='lat' dir='ltr'>tio</span> <span class='ocrx_word' id='word_1_78' title='bbox 171 1130 204 1203; x_wconf 91' lang='lat' dir='ltr'>ei</span> <span class='ocrx_word' id='word_1_79' title='bbox 221 1130 282 1223; x_wconf 92' lang='lat' dir='ltr'>qui</span> <span class='ocrx_word' id='word_1_80' title='bbox 302 1130 432 1204; x_wconf 87' lang='lat' dir='ltr'>malum</span> <span class='ocrx_word' id='word_1_81' title='bbox 450 1130 569 1203; x_wconf 89' lang='lat' dir='ltr'>facere</span> <span class='ocrx_word' id='word_1_82' title='bbox 582 1150 659 1203; x_wconf 92' lang='lat' dir='ltr'>non</span> <span class='ocrx_word' id='word_1_83' title='bbox 678 1131 829 1224; x_wconf 88' lang='lat' dir='ltr'>potuit,</span> <span class='ocrx_word' id='word_1_84' title='bbox 858 1129 990 1202; x_wconf 87' lang='lat' dir='ltr'>adhoc</span> <span class='ocrx_word' id='word_1_85' title='bbox 1010 1127 1155 1222; x_wconf 86' lang='lat' dir='ltr'>ipsuma</span> 
     </span>
     <span class='ocr_line' id='line_1_11' title="bbox 93 1228 1154 1325; baseline -0.004 -22"><span class='ocrx_word' id='word_1_86' title='bbox 93 1242 265 1303; x_wconf 83' lang='lat' dir='ltr'>creatore</span> <span class='ocrx_word' id='word_1_87' title='bbox 283 1228 487 1303; x_wconf 77' lang='lat' dir='ltr'>formatus?</span> <span class='ocrx_word' id='word_1_88' title='bbox 521 1231 584 1301; x_wconf 86' lang='lat' dir='ltr'>&#39;vel</span> <span class='ocrx_word' id='word_1_89' title='bbox 600 1250 677 1320; x_wconf 83' lang='lat' dir='ltr'>quae</span> <span class='ocrx_word' id='word_1_90' title='bbox 688 1251 792 1321; x_wconf 85' lang='lat' dir='ltr'>poena</span> <span class='ocrx_word' id='word_1_91' title='bbox 814 1228 918 1325; x_wconf 85' lang='lat' dir='ltr'>digne</span> <span class='ocrx_word' id='word_1_92' title='bbox 937 1228 1154 1325; x_wconf 87' lang='lat' dir='ltr'>irrogabitur</span> 
     </span>
     <span class='ocr_line' id='line_1_12' title="bbox 93 1327 1154 1422; baseline -0.002 -19"><span class='ocrx_word' id='word_1_93' title='bbox 93 1330 131 1403; x_wconf 88' lang='lat' dir='ltr'>ei</span> <span class='ocrx_word' id='word_1_94' title='bbox 147 1329 206 1422; x_wconf 92' lang='lat' dir='ltr'>qui</span> <span class='ocrx_word' id='word_1_95' title='bbox 223 1330 360 1401; x_wconf 92' lang='lat' dir='ltr'>bonum</span> <span class='ocrx_word' id='word_1_96' title='bbox 383 1329 502 1402; x_wconf 87' lang='lat' dir='ltr'>facere</span> <span class='ocrx_word' id='word_1_97' title='bbox 523 1351 568 1402; x_wconf 86' lang='lat' dir='ltr'>ex</span> <span class='ocrx_word' id='word_1_98' title='bbox 584 1327 655 1421; x_wconf 89' lang='lat' dir='ltr'>ipsa</span> <span class='ocrx_word' id='word_1_99' title='bbox 679 1329 879 1402; x_wconf 88' lang='lat' dir='ltr'>conditoris</span> <span class='ocrx_word' id='word_1_100' title='bbox 899 1328 948 1401; x_wconf 88' lang='lat' dir='ltr'>sui</span> <span class='ocrx_word' id='word_1_101' title='bbox 969 1330 1154 1401; x_wconf 86' lang='lat' dir='ltr'>creatione</span> 
     </span>
     <span class='ocr_line' id='line_1_13' title="bbox 93 1425 1155 1523; baseline 0 -22"><span class='ocrx_word' id='word_1_102' title='bbox 93 1448 175 1501; x_wconf 90' lang='lat' dir='ltr'>non</span> <span class='ocrx_word' id='word_1_103' title='bbox 195 1425 342 1523; x_wconf 78' lang='lat' dir='ltr'>potuit?</span> <span class='ocrx_word' id='word_1_104' title='bbox 373 1426 468 1503; x_wconf 89' lang='lat' dir='ltr'>Tum</span> <span class='ocrx_word' id='word_1_105' title='bbox 490 1427 617 1501; x_wconf 86' lang='lat' dir='ltr'>deinde</span> <span class='ocrx_word' id='word_1_106' title='bbox 634 1427 821 1521; x_wconf 90' lang='lat' dir='ltr'>quomodo</span> <span class='ocrx_word' id='word_1_107' title='bbox 839 1449 915 1501; x_wconf 89' lang='lat' dir='ltr'>non</span> <span class='ocrx_word' id='word_1_108' title='bbox 934 1431 1155 1501; x_wconf 87' lang='lat' dir='ltr'>contrarium</span> 
     </span>
     <span class='ocr_line' id='line_1_14' title="bbox 93 1526 1154 1621; baseline -0.008 -14"><span class='ocrx_word' id='word_1_109' title='bbox 93 1526 149 1607; x_wconf 86' lang='lat' dir='ltr'>est</span> <span class='ocrx_word' id='word_1_110' title='bbox 165 1530 247 1601; x_wconf 92' lang='lat' dir='ltr'>huic</span> <span class='ocrx_word' id='word_1_111' title='bbox 267 1527 447 1601; x_wconf 72' lang='lat' dir='ltr'>assertioni</span> <span class='ocrx_word' id='word_1_112' title='bbox 459 1528 546 1601; x_wconf 86' lang='lat' dir='ltr'>illud</span> <span class='ocrx_word' id='word_1_113' title='bbox 563 1529 661 1621; x_wconf 91' lang='lat' dir='ltr'>quod</span> <span class='ocrx_word' id='word_1_114' title='bbox 676 1529 756 1601; x_wconf 85' lang='lat' dir='ltr'>alibi</span> <span class='ocrx_word' id='word_1_115' title='bbox 771 1528 873 1601; x_wconf 86' lang='lat' dir='ltr'>dicit:</span> <span class='ocrx_word' id='word_1_116' title='bbox 903 1532 943 1600; x_wconf 82' lang='lat' dir='ltr'>In</span> <span class='ocrx_word' id='word_1_117' title='bbox 954 1534 1036 1599; x_wconf 82' lang='lat' dir='ltr'>domo</span> <span class='ocrx_word' id='word_1_118' title='bbox 1047 1544 1154 1599; x_wconf 77' lang='lat' dir='ltr'>aurem</span> 
     </span>
     <span class='ocr_line' id='line_1_15' title="bbox 92 1625 1155 1723; baseline -0.001 -25"><span class='ocrx_word' id='word_1_119' title='bbox 92 1651 207 1723; x_wconf 80' lang='lat' dir='ltr'>magna</span> <span class='ocrx_word' id='word_1_120' title='bbox 227 1653 288 1697; x_wconf 80' lang='lat' dir='ltr'>non</span> <span class='ocrx_word' id='word_1_121' title='bbox 300 1628 381 1713; x_wconf 71' lang='lat' dir='ltr'>sient</span> <span class='ocrx_word' id='word_1_122' title='bbox 394 1632 692 1714; x_wconf 71' lang='lat' dir='ltr'>tantummodovasa</span> <span class='ocrx_word' id='word_1_123' title='bbox 703 1654 799 1700; x_wconf 83' lang='lat' dir='ltr'>aurea</span> <span class='ocrx_word' id='word_1_124' title='bbox 813 1626 850 1704; x_wconf 67' lang='lat' dir='ltr'>ds</span> <span class='ocrx_word' id='word_1_125' title='bbox 863 1645 1027 1721; x_wconf 79' lang='lat' dir='ltr'>argentea,</span> <span class='ocrx_word' id='word_1_126' title='bbox 1048 1630 1101 1719; x_wconf 67' lang='lat' dir='ltr'>fid</span> <span class='ocrx_word' id='word_1_127' title='bbox 1113 1625 1155 1705; x_wconf 72' lang='lat' dir='ltr'>dr</span> 
     </span>
     <span class='ocr_line' id='line_1_16' title="bbox 91 1726 1155 1827; baseline -0.002 -26"><span class='ocrx_word' id='word_1_128' title='bbox 91 1728 200 1822; x_wconf 76' lang='lat' dir='ltr'>lignea</span> <span class='ocrx_word' id='word_1_129' title='bbox 213 1731 253 1804; x_wconf 69' lang='lat' dir='ltr'><strong><em>U</em></strong></span> <span class='ocrx_word' id='word_1_130' title='bbox 267 1726 419 1823; x_wconf 62' lang='lat' dir='ltr'>sitiisse,</span> <span class='ocrx_word' id='word_1_131' title='bbox 443 1729 511 1801; x_wconf 81' lang='lat' dir='ltr'>alia</span> <span class='ocrx_word' id='word_1_132' title='bbox 522 1730 647 1827; x_wconf 81' lang='lat' dir='ltr'>quidem</span> <span class='ocrx_word' id='word_1_133' title='bbox 662 1730 703 1799; x_wconf 88' lang='lat' dir='ltr'>ad</span> <span class='ocrx_word' id='word_1_134' title='bbox 723 1730 886 1813; x_wconf 82' lang='lat' dir='ltr'>honorem,</span> <span class='ocrx_word' id='word_1_135' title='bbox 912 1731 977 1799; x_wconf 81' lang='lat' dir='ltr'>asia</span> <span class='ocrx_word' id='word_1_136' title='bbox 994 1746 1099 1799; x_wconf 81' lang='lat' dir='ltr'>aurem</span> <span class='ocrx_word' id='word_1_137' title='bbox 1114 1728 1155 1799; x_wconf 71' lang='lat' dir='ltr'>ad</span> 
     </span>
     <span class='ocr_line' id='line_1_17' title="bbox 92 1828 1154 1927; baseline -0.005 -26"><span class='ocrx_word' id='word_1_138' title='bbox 92 1828 325 1901; x_wconf 77' lang='lat' dir='ltr'>contumeliam.</span> <span class='ocrx_word' id='word_1_139' title='bbox 377 1830 405 1900; x_wconf 88' lang='lat' dir='ltr'><em>S</em></span> <span class='ocrx_word' id='word_1_140' title='bbox 406 1836 418 1897; x_wconf 79' lang='lat' dir='ltr'>i</span> <span class='ocrx_word' id='word_1_141' title='bbox 427 1853 494 1922; x_wconf 87' lang='lat' dir='ltr'>ergo</span> <span class='ocrx_word' id='word_1_142' title='bbox 513 1833 586 1927; x_wconf 78' lang='lat' dir='ltr'>quis</span> <span class='ocrx_word' id='word_1_143' title='bbox 603 1829 824 1900; x_wconf 76' lang='lat' dir='ltr'>emundaverit</span> <span class='ocrx_word' id='word_1_144' title='bbox 833 1829 1028 1923; x_wconf 77' lang='lat' dir='ltr'>semetipsum</span> <span class='ocrx_word' id='word_1_145' title='bbox 1040 1828 1080 1899; x_wconf 84' lang='lat' dir='ltr'>ab</span> <span class='ocrx_word' id='word_1_146' title='bbox 1088 1829 1154 1915; x_wconf 79' lang='lat' dir='ltr'>lrr‘s,</span> 
     </span>
     <span class='ocr_line' id='line_1_18' title="bbox 92 1926 1156 2020; baseline -0.003 -19"><span class='ocrx_word' id='word_1_147' title='bbox 92 1929 474 2017; x_wconf 61' lang='lat' dir='ltr'>citramontanam,</span> <span class='ocrx_word' id='word_1_148' title='bbox 491 1926 747 2020; x_wconf 64' lang='lat' dir='ltr'>sensificatum,</span> <span class='ocrx_word' id='word_1_149' title='bbox 773 1926 812 2003; x_wconf 70' lang='lat' dir='ltr'>di</span> <span class='ocrx_word' id='word_1_150' title='bbox 835 1926 914 1998; x_wconf 85' lang='lat' dir='ltr'>utile</span> <span class='ocrx_word' id='word_1_151' title='bbox 939 1932 1089 2011; x_wconf 80' lang='lat' dir='ltr'>Domino,</span> <span class='ocrx_word' id='word_1_152' title='bbox 1113 1928 1156 1999; x_wconf 78' lang='lat' dir='ltr'>od</span> 
     </span>
     <span class='ocr_line' id='line_1_19' title="bbox 91 2024 1155 2125; baseline -0.005 -22"><span class='ocrx_word' id='word_1_153' title='bbox 91 2053 186 2103; x_wconf 77' lang='lat' dir='ltr'>omne</span> <span class='ocrx_word' id='word_1_154' title='bbox 207 2049 279 2124; x_wconf 83' lang='lat' dir='ltr'>opus</span> <span class='ocrx_word' id='word_1_155' title='bbox 301 2029 411 2098; x_wconf 81' lang='lat' dir='ltr'>sonum</span> <span class='ocrx_word' id='word_1_156' title='bbox 430 2034 605 2125; x_wconf 78' lang='lat' dir='ltr'>paratum?</span> <span class='ocrx_word' id='word_1_157' title='bbox 630 2026 729 2125; x_wconf 85' lang='lat' dir='ltr'>Ergo</span> <span class='ocrx_word' id='word_1_158' title='bbox 753 2024 865 2120; x_wconf 89' lang='lat' dir='ltr'>quise</span> <span class='ocrx_word' id='word_1_159' title='bbox 883 2026 1155 2119; x_wconf 81' lang='lat' dir='ltr'>emundaverit,</span> 
     </span>
     <span class='ocr_line' id='line_1_20' title="bbox 94 2124 1154 2220; baseline -0.007 -15"><span class='ocrx_word' id='word_1_160' title='bbox 94 2126 248 2205; x_wconf 83' lang='lat' dir='ltr'>efficitur</span> <span class='ocrx_word' id='word_1_161' title='bbox 260 2149 325 2200; x_wconf 87' lang='lat' dir='ltr'>vas</span> <span class='ocrx_word' id='word_1_162' title='bbox 340 2129 383 2201; x_wconf 92' lang='lat' dir='ltr'>ad</span> <span class='ocrx_word' id='word_1_163' title='bbox 396 2129 596 2204; x_wconf 89' lang='lat' dir='ltr'>honorem:</span> <span class='ocrx_word' id='word_1_164' title='bbox 621 2129 681 2220; x_wconf 93' lang='lat' dir='ltr'>qui</span> <span class='ocrx_word' id='word_1_165' title='bbox 696 2145 813 2201; x_wconf 90' lang='lat' dir='ltr'>autem</span> <span class='ocrx_word' id='word_1_166' title='bbox 827 2126 1064 2201; x_wconf 83' lang='lat' dir='ltr'>immrmditias</span> <span class='ocrx_word' id='word_1_167' title='bbox 1078 2124 1154 2198; x_wconf 85' lang='lat' dir='ltr'>suas</span> 
     </span>
    </p>

    <p class='ocr_par' dir='ltr' id='par_1_5' title="bbox 91 2224 1239 2917">
     <span class='ocr_line' id='line_1_21' title="bbox 119 2224 1239 2325; baseline -0.002 -24"><span class='ocrx_word' id='word_1_168' title='bbox 119 2249 249 2325; x_wconf 89' lang='lat' dir='ltr'>urgare</span> <span class='ocrx_word' id='word_1_169' title='bbox 270 2226 527 2322; x_wconf 81' lang='lat' dir='ltr'>contemserit,</span> <span class='ocrx_word' id='word_1_170' title='bbox 548 2224 712 2301; x_wconf 51' lang='lat' dir='ltr'>*efficitur</span> <span class='ocrx_word' id='word_1_171' title='bbox 737 2251 800 2300; x_wconf 88' lang='lat' dir='ltr'>vas</span> <span class='ocrx_word' id='word_1_172' title='bbox 821 2227 863 2303; x_wconf 90' lang='lat' dir='ltr'>ad</span> <span class='ocrx_word' id='word_1_173' title='bbox 888 2226 1153 2302; x_wconf 87' lang='lat' dir='ltr'>contumeliam.</span> <span class='ocrx_word' id='word_1_174' title='bbox 1237 2234 1239 2239; x_wconf 83' lang='lat'>&#39;</span> 
     </span>
     <span class='ocr_line' id='line_1_22' title="bbox 91 2250 1155 2421; baseline -0.004 -18"><span class='ocrx_word' id='word_1_175' title='bbox 91 2250 153 2403; x_wconf 51' lang='lat' dir='ltr'>dx</span> <span class='ocrx_word' id='word_1_176' title='bbox 184 2328 310 2420; x_wconf 89' lang='lat' dir='ltr'>quibus</span> <span class='ocrx_word' id='word_1_177' title='bbox 336 2324 518 2401; x_wconf 78' lang='lat' dir='ltr'>sententiis</span> <span class='ocrx_word' id='word_1_178' title='bbox 543 2328 768 2421; x_wconf 85' lang='lat' dir='ltr'>nullatenus,</span> <span class='ocrx_word' id='word_1_179' title='bbox 800 2342 843 2399; x_wconf 91' lang='lat' dir='ltr'>ut</span> <span class='ocrx_word' id='word_1_180' title='bbox 868 2326 1023 2419; x_wconf 85' lang='lat' dir='ltr'>opinor,</span> <span class='ocrx_word' id='word_1_181' title='bbox 1052 2322 1155 2399; x_wconf 85' lang='lat' dir='ltr'>causa</span> 
     </span>
     <span class='ocr_line' id='line_1_23' title="bbox 93 2424 1157 2525; baseline -0.002 -24"><span class='ocrx_word' id='word_1_182' title='bbox 93 2426 345 2525; x_wconf 80' lang='lat' dir='ltr'>gestorumad</span> <span class='ocrx_word' id='word_1_183' title='bbox 375 2443 576 2503; x_wconf 87' lang='lat' dir='ltr'>creatorem</span> <span class='ocrx_word' id='word_1_184' title='bbox 602 2426 728 2501; x_wconf 85' lang='lat' dir='ltr'>referri</span> <span class='ocrx_word' id='word_1_185' title='bbox 760 2424 890 2521; x_wconf 69' lang='lat' dir='ltr'>potest</span> <span class='ocrx_word' id='word_1_186' title='bbox 948 2424 1043 2499; x_wconf 90' lang='lat' dir='ltr'>Nam</span> <span class='ocrx_word' id='word_1_187' title='bbox 1068 2424 1157 2499; x_wconf 82' lang='lat' dir='ltr'>facit</span> 
     </span>
     <span class='ocr_line' id='line_1_24' title="bbox 95 2524 1155 2621; baseline -0.001 -22"><span class='ocrx_word' id='word_1_188' title='bbox 95 2529 241 2621; x_wconf 83' lang='lat' dir='ltr'>quidem</span> <span class='ocrx_word' id='word_1_189' title='bbox 265 2540 408 2599; x_wconf 89' lang='lat' dir='ltr'>creator</span> <span class='ocrx_word' id='word_1_190' title='bbox 424 2527 524 2599; x_wconf 86' lang='lat' dir='ltr'>Deus</span> <span class='ocrx_word' id='word_1_191' title='bbox 548 2528 727 2619; x_wconf 87' lang='lat' dir='ltr'>quoddam</span> <span class='ocrx_word' id='word_1_192' title='bbox 747 2550 812 2599; x_wconf 88' lang='lat' dir='ltr'>vas</span> <span class='ocrx_word' id='word_1_193' title='bbox 831 2524 874 2598; x_wconf 91' lang='lat' dir='ltr'>ad</span> <span class='ocrx_word' id='word_1_194' title='bbox 891 2526 1093 2618; x_wconf 84' lang='lat' dir='ltr'>honorem,</span> <span class='ocrx_word' id='word_1_195' title='bbox 1121 2525 1155 2598; x_wconf 90' lang='lat'>&amp;</span> 
     </span>
     <span class='ocr_line' id='line_1_25' title="bbox 93 2622 1156 2717; baseline -0.004 -14"><span class='ocrx_word' id='word_1_196' title='bbox 93 2626 185 2703; x_wconf 78' lang='lat' dir='ltr'>facit</span> <span class='ocrx_word' id='word_1_197' title='bbox 201 2626 268 2699; x_wconf 85' lang='lat' dir='ltr'>alia</span> <span class='ocrx_word' id='word_1_198' title='bbox 287 2623 370 2698; x_wconf 87' lang='lat' dir='ltr'>vasa</span> <span class='ocrx_word' id='word_1_199' title='bbox 385 2627 428 2699; x_wconf 89' lang='lat' dir='ltr'>ad</span> <span class='ocrx_word' id='word_1_200' title='bbox 442 2628 694 2701; x_wconf 90' lang='lat' dir='ltr'>contumeliam</span> <span class='ocrx_word' id='word_1_201' title='bbox 712 2651 721 2701; x_wconf 90' lang='lat'>:</span> <span class='ocrx_word' id='word_1_202' title='bbox 754 2626 813 2700; x_wconf 88' lang='lat' dir='ltr'>sed</span> <span class='ocrx_word' id='word_1_203' title='bbox 826 2625 912 2698; x_wconf 84' lang='lat' dir='ltr'>iliud</span> <span class='ocrx_word' id='word_1_204' title='bbox 929 2646 993 2697; x_wconf 88' lang='lat' dir='ltr'>vas</span> <span class='ocrx_word' id='word_1_205' title='bbox 1007 2624 1106 2717; x_wconf 91' lang='lat' dir='ltr'>quod</span> <span class='ocrx_word' id='word_1_206' title='bbox 1121 2622 1156 2699; x_wconf 86' lang='lat' dir='ltr'>se</span> 
     </span>
     <span class='ocr_line' id='line_1_26' title="bbox 92 2724 1156 2825; baseline -0.003 -27"><span class='ocrx_word' id='word_1_207' title='bbox 92 2727 266 2825; x_wconf 84' lang='lat' dir='ltr'>purgavit</span> <span class='ocrx_word' id='word_1_208' title='bbox 282 2726 326 2798; x_wconf 89' lang='lat' dir='ltr'>ab</span> <span class='ocrx_word' id='word_1_209' title='bbox 338 2726 436 2799; x_wconf 91' lang='lat' dir='ltr'>omni</span> <span class='ocrx_word' id='word_1_210' title='bbox 454 2726 695 2818; x_wconf 90' lang='lat' dir='ltr'>immunditia,</span> <span class='ocrx_word' id='word_1_211' title='bbox 720 2724 830 2819; x_wconf 91' lang='lat' dir='ltr'>ipsum</span> <span class='ocrx_word' id='word_1_212' title='bbox 844 2724 931 2798; x_wconf 85' lang='lat' dir='ltr'>facit</span> <span class='ocrx_word' id='word_1_213' title='bbox 946 2745 1011 2797; x_wconf 84' lang='lat' dir='ltr'>vas</span> <span class='ocrx_word' id='word_1_214' title='bbox 1030 2724 1073 2795; x_wconf 91' lang='lat' dir='ltr'>ad</span> <span class='ocrx_word' id='word_1_215' title='bbox 1088 2724 1156 2796; x_wconf 90' lang='lat' dir='ltr'>ho·</span> 
     </span>
     <span class='ocr_line' id='line_1_27' title="bbox 93 2821 1157 2917; baseline -0.006 -16"><span class='ocrx_word' id='word_1_216' title='bbox 93 2848 252 2915; x_wconf 80' lang='lat' dir='ltr'>norem3</span> <span class='ocrx_word' id='word_1_217' title='bbox 286 2825 385 2917; x_wconf 91' lang='lat' dir='ltr'>quod</span> <span class='ocrx_word' id='word_1_218' title='bbox 404 2848 494 2898; x_wconf 91' lang='lat' dir='ltr'>vero</span> <span class='ocrx_word' id='word_1_219' title='bbox 518 2827 690 2897; x_wconf 91' lang='lat' dir='ltr'>vitiorum</span> <span class='ocrx_word' id='word_1_220' title='bbox 712 2826 872 2899; x_wconf 88' lang='lat' dir='ltr'>sordibus</span> <span class='ocrx_word' id='word_1_221' title='bbox 900 2821 933 2895; x_wconf 91' lang='lat' dir='ltr'>se</span> <span class='ocrx_word' id='word_1_222' title='bbox 955 2823 1157 2895; x_wconf 85' lang='lat' dir='ltr'>maculave-</span> 
     </span>
    </p>
   </div>
   <div class='ocr_carea' id='block_1_3' title="bbox 92 2922 1156 3093">
    <p class='ocr_par' dir='ltr' id='par_1_6' title="bbox 92 2922 1156 3093">
     <span class='ocr_line' id='line_1_28' title="bbox 92 2922 1156 3093; baseline -0.007 -94"><span class='ocrx_word' id='word_1_223' title='bbox 92 2926 164 3020; x_wconf 87' lang='lat' dir='ltr'>rit,</span> <span class='ocrx_word' id='word_1_224' title='bbox 190 2927 278 3000; x_wconf 91' lang='lat' dir='ltr'>illud</span> <span class='ocrx_word' id='word_1_225' title='bbox 292 2946 356 2998; x_wconf 88' lang='lat' dir='ltr'>vas</span> <span class='ocrx_word' id='word_1_226' title='bbox 378 2926 422 2998; x_wconf 85' lang='lat' dir='ltr'>ad</span> <span class='ocrx_word' id='word_1_227' title='bbox 441 2926 697 3001; x_wconf 84' lang='lat' dir='ltr'>contumesiam</span> <span class='ocrx_word' id='word_1_228' title='bbox 716 2925 814 3002; x_wconf 85' lang='lat' dir='ltr'>facit.</span> <span class='ocrx_word' id='word_1_229' title='bbox 863 2925 991 3014; x_wconf 86' lang='lat' dir='ltr'>Itaque</span> <span class='ocrx_word' id='word_1_230' title='bbox 1007 2922 1156 3093; x_wconf 44' lang='grc' dir='ltr'>ίεἰξιηςὶιι-</span> 
     </span>
     <span class='ocr_line' id='line_1_29' title="bbox 1065 3040 1107 3093; baseline -0.024 0"><span class='ocrx_word' id='word_1_231' title='bbox 1065 3040 1107 3093; x_wconf 86' lang='lat' dir='ltr'>ur</span> 
     </span>
    </p>
   </div>
   <div class='ocr_carea' id='block_1_4' title="bbox 314 3187 1204 3261">
    <p class='ocr_par' dir='ltr' id='par_1_7' title="bbox 314 3187 1204 3261">
     <span class='ocr_line' id='line_1_30' title="bbox 314 3187 1204 3261; baseline -0.007 -1"><span class='ocrx_word' id='word_1_232' title='bbox 314 3187 932 3261; x_wconf 67' lang='lat' dir='ltr'>&#39;surrnrrrrnrronovn</span> <span class='ocrx_word' id='word_1_233' title='bbox 1090 3194 1109 3227; x_wconf 65' lang='lat'>¹²</span> <span class='ocrx_word' id='word_1_234' title='bbox 1202 3195 1204 3201; x_wconf 86' lang='grc'><strong><em>·</em></strong></span> 
     </span>
    </p>
   </div>
   <div class='ocr_carea' id='block_1_5' title="bbox 93 3320 1165 4035">
    <p class='ocr_par' dir='ltr' id='par_1_8' title="bbox 93 3320 1165 3925">
     <span class='ocr_line' id='line_1_31' title="bbox 95 3320 1157 3427; baseline -0.007 -26"><span class='ocrx_word' id='word_1_235' title='bbox 95 3320 138 3401; x_wconf 69' lang='grc' dir='ltr'>θ’</span> <span class='ocrx_word' id='word_1_236' title='bbox 149 3328 286 3423; x_wconf 74' lang='lat' dir='ltr'>quadam</span> <span class='ocrx_word' id='word_1_237' title='bbox 301 3332 420 3427; x_wconf 79' lang='lat' dir='ltr'>quidem</span> <span class='ocrx_word' id='word_1_238' title='bbox 435 3335 472 3399; x_wconf 81' lang='lat' dir='ltr'>in</span> <span class='ocrx_word' id='word_1_239' title='bbox 483 3330 655 3414; x_wconf 78' lang='lat' dir='ltr'>honorem,</span> <span class='ocrx_word' id='word_1_240' title='bbox 681 3327 816 3425; x_wconf 73' lang='lat' dir='ltr'>quedam</span> <span class='ocrx_word' id='word_1_241' title='bbox 829 3342 935 3397; x_wconf 80' lang='lat' dir='ltr'>aurern</span> <span class='ocrx_word' id='word_1_242' title='bbox 946 3328 984 3393; x_wconf 79' lang='lat' dir='ltr'>in</span> <span class='ocrx_word' id='word_1_243' title='bbox 997 3336 1157 3394; x_wconf 73' lang='lat' dir='ltr'>contume-</span> 
     </span>
     <span class='ocr_line' id='line_1_32' title="bbox 95 3424 1157 3524; baseline -0.002 -27"><span class='ocrx_word' id='word_1_244' title='bbox 95 3424 186 3499; x_wconf 81' lang='lat' dir='ltr'>liam.</span> <span class='ocrx_word' id='word_1_245' title='bbox 237 3431 276 3497; x_wconf 86' lang='lat' dir='ltr'>Si</span> <span class='ocrx_word' id='word_1_246' title='bbox 288 3435 357 3524; x_wconf 78' lang='lat' dir='ltr'>quis</span> <span class='ocrx_word' id='word_1_247' title='bbox 369 3455 436 3523; x_wconf 82' lang='lat' dir='ltr'>ergo</span> <span class='ocrx_word' id='word_1_248' title='bbox 451 3432 674 3501; x_wconf 79' lang='lat' dir='ltr'>emundaverit</span> <span class='ocrx_word' id='word_1_249' title='bbox 681 3427 715 3517; x_wconf 82' lang='lat' dir='ltr'>se</span> <span class='ocrx_word' id='word_1_250' title='bbox 727 3426 767 3497; x_wconf 79' lang='lat' dir='ltr'>ab</span> <span class='ocrx_word' id='word_1_251' title='bbox 781 3427 869 3523; x_wconf 75' lang='lat' dir='ltr'>istis,</span> <span class='ocrx_word' id='word_1_252' title='bbox 896 3429 958 3496; x_wconf 82' lang='lat' dir='ltr'>erit</span> <span class='ocrx_word' id='word_1_253' title='bbox 972 3449 1032 3495; x_wconf 79' lang='lat' dir='ltr'>vas</span> <span class='ocrx_word' id='word_1_254' title='bbox 1048 3428 1087 3493; x_wconf 79' lang='lat' dir='ltr'>iu</span> <span class='ocrx_word' id='word_1_255' title='bbox 1099 3424 1157 3495; x_wconf 76' lang='lat' dir='ltr'>ho·</span> 
     </span>
     <span class='ocr_line' id='line_1_33' title="bbox 95 3523 1156 3619; baseline -0.004 -22"><span class='ocrx_word' id='word_1_256' title='bbox 95 3550 229 3612; x_wconf 79' lang='lat' dir='ltr'>mrem,</span> <span class='ocrx_word' id='word_1_257' title='bbox 250 3524 433 3619; x_wconf 70' lang='lat' dir='ltr'>saussificar</span> <span class='ocrx_word' id='word_1_258' title='bbox 453 3556 484 3600; x_wconf 90' lang='lat' dir='ltr'>m</span> <span class='ocrx_word' id='word_1_259' title='bbox 504 3528 544 3607; x_wconf 72' lang='lat'>(5</span> <span class='ocrx_word' id='word_1_260' title='bbox 565 3532 644 3601; x_wconf 84' lang='lat' dir='ltr'>urile</span> <span class='ocrx_word' id='word_1_261' title='bbox 670 3531 823 3611; x_wconf 81' lang='lat' dir='ltr'>Domino,</span> <span class='ocrx_word' id='word_1_262' title='bbox 849 3528 888 3595; x_wconf 84' lang='lat' dir='ltr'>ad</span> <span class='ocrx_word' id='word_1_263' title='bbox 907 3550 993 3594; x_wconf 83' lang='lat' dir='ltr'>omne</span> <span class='ocrx_word' id='word_1_264' title='bbox 1008 3544 1084 3618; x_wconf 80' lang='lat' dir='ltr'>opus</span> <span class='ocrx_word' id='word_1_265' title='bbox 1107 3523 1156 3593; x_wconf 81' lang='lat' dir='ltr'>bo·</span> 
     </span>
     <span class='ocr_line' id='line_1_34' title="bbox 94 3556 1155 3723; baseline -0.005 -26"><span class='ocrx_word' id='word_1_266' title='bbox 94 3650 174 3697; x_wconf 78' lang='lat' dir='ltr'>num</span> <span class='ocrx_word' id='word_1_267' title='bbox 180 3625 354 3723; x_wconf 76' lang='lat' dir='ltr'>paratum?</span> <span class='ocrx_word' id='word_1_268' title='bbox 378 3627 417 3703; x_wconf 89' lang='lat' dir='ltr'>N</span> <span class='ocrx_word' id='word_1_269' title='bbox 419 3556 473 3703; x_wconf 79' lang='lat' dir='ltr'>ssu</span> <span class='ocrx_word' id='word_1_270' title='bbox 488 3631 585 3723; x_wconf 83' lang='lat' dir='ltr'>siqui</span> <span class='ocrx_word' id='word_1_271' title='bbox 600 3628 635 3704; x_wconf 90' lang='lat' dir='ltr'>se</span> <span class='ocrx_word' id='word_1_272' title='bbox 648 3627 881 3721; x_wconf 84' lang='lat' dir='ltr'>expurgavit,</span> <span class='ocrx_word' id='word_1_273' title='bbox 907 3620 950 3697; x_wconf 89' lang='lat' dir='ltr'>sit</span> <span class='ocrx_word' id='word_1_274' title='bbox 965 3645 1029 3695; x_wconf 79' lang='lat' dir='ltr'>vas</span> <span class='ocrx_word' id='word_1_275' title='bbox 1043 3625 1078 3693; x_wconf 90' lang='lat' dir='ltr'>in</span> <span class='ocrx_word' id='word_1_276' title='bbox 1090 3622 1155 3693; x_wconf 91' lang='lat' dir='ltr'>ho-</span> 
     </span>
     <span class='ocr_line' id='line_1_35' title="bbox 94 3722 1155 3831; baseline -0.009 -30"><span class='ocrx_word' id='word_1_277' title='bbox 94 3746 251 3818; x_wconf 86' lang='lat' dir='ltr'>norem,</span> <span class='ocrx_word' id='word_1_278' title='bbox 279 3727 339 3821; x_wconf 88' lang='lat' dir='ltr'>qui</span> <span class='ocrx_word' id='word_1_279' title='bbox 352 3750 446 3802; x_wconf 89' lang='lat' dir='ltr'>vero</span> <span class='ocrx_word' id='word_1_280' title='bbox 467 3731 640 3804; x_wconf 88' lang='lat' dir='ltr'>vitiorum</span> <span class='ocrx_word' id='word_1_281' title='bbox 658 3726 800 3800; x_wconf 87' lang='lat' dir='ltr'>suorum</span> <span class='ocrx_word' id='word_1_282' title='bbox 817 3723 937 3797; x_wconf 85' lang='lat' dir='ltr'>sordes</span> <span class='ocrx_word' id='word_1_283' title='bbox 956 3722 1155 3831; x_wconf 77' lang='lat' dir='ltr'>abstergere</span> 
     </span>
     <span class='ocr_line' id='line_1_36' title="bbox 93 3818 1165 3925; baseline -0.013 -24"><span class='ocrx_word' id='word_1_284' title='bbox 93 3826 316 3924; x_wconf 81' lang='lat' dir='ltr'>neglexerit,</span> <span class='ocrx_word' id='word_1_285' title='bbox 340 3824 385 3903; x_wconf 93' lang='lat' dir='ltr'>fit</span> <span class='ocrx_word' id='word_1_286' title='bbox 406 3851 471 3903; x_wconf 84' lang='lat' dir='ltr'>vas</span> <span class='ocrx_word' id='word_1_287' title='bbox 490 3833 528 3906; x_wconf 90' lang='lat' dir='ltr'>in</span> <span class='ocrx_word' id='word_1_288' title='bbox 545 3827 823 3925; x_wconf 83' lang='lat' dir='ltr'>contumeliam,</span> <span class='ocrx_word' id='word_1_289' title='bbox 847 3838 1022 3922; x_wconf 83' lang='lat' dir='ltr'>quantum</span> <span class='ocrx_word' id='word_1_290' title='bbox 1036 3818 1165 3890; x_wconf 68' lang='lat' dir='ltr'>error.</span> 
     </span>
    </p>

    <p class='ocr_par' dir='ltr' id='par_1_9' title="bbox 146 3914 1136 4035">
     <span class='ocr_line' id='line_1_37' title="bbox 146 3914 1136 4035; baseline 0.002 -32"><span class='ocrx_word' id='word_1_291' title='bbox 146 3930 297 4029; x_wconf 62' lang='lat' dir='ltr'>origem</span> <span class='ocrx_word' id='word_1_292' title='bbox 323 3920 405 4006; x_wconf 69' lang='lat' dir='ltr'>Tm</span> <span class='ocrx_word' id='word_1_293' title='bbox 422 3934 487 4008; x_wconf 87' lang='grc'><em>111.</em></span> <span class='ocrx_word' id='word_1_294' title='bbox 703 3930 744 4035; x_wconf 88' lang='lat' dir='ltr'>Q</span> <span class='ocrx_word' id='word_1_295' title='bbox 996 3914 1136 3995; x_wconf 67' lang='lat' dir='ltr'>verme</span> 
     </span>
    </p>
   </div>
   <div class='ocr_carea' id='block_1_6' title="bbox 0 0 1256 4254">
    <p class='ocr_par' dir='ltr' id='par_1_10' title="bbox 0 0 1256 4254">
     <span class='ocr_line' id='line_1_38' title="bbox 0 0 1256 4254; baseline 0 0"><span class='ocrx_word' id='word_1_296' title='bbox 0 0 1256 4254; x_wconf 95' lang='lat' dir='ltr'> </span> 
     </span>
    </p>
   </div>
  </div>
 </body>
</html>
