2498 4254
309 210 404 292 ΒΕ
455 213 905 339 oapsrrour.
1053 182 1135 314 '447

73 376 237 475 depofita
254 392 339 454 ante
359 380 563 453 orationem
581 381 680 455 omni
696 379 742 452 de
763 377 997 473 providentia
1018 383 1138 453 anxie·

72 493 162 553 tate.
215 478 300 552 Hoc
317 483 413 552 enirn
431 480 490 551 illa
506 481 568 553 libi
584 482 737 553 volunt:
763 484 802 550 Si
822 480 1015 576 abstulerim
1032 497 1062 551 re
1078 483 1138 552 col·

71 582 279 674 ligationem,
313 583 350 655 (Ἰ
371 605 521 650 munuum
541 580 766 676 extcnstonem,
792 577 830 655 (Ἰ
844 580 974 651 verium
994 605 1138 652 murmu·
1203 572 1210 598 ’

70 684 239 752 sarlonis:
274 700 356 753 nam
381 681 441 770 qui
464 680 631 752 omnibus
655 679 848 770 acquiescit
866 700 944 771 quae
961 676 1080 770 fiunt,
1105 672 1136 755 is

71 783 117 854 ab
133 782 234 854 omni
250 780 400 851 vinculo
416 777 507 851 liber
525 777 603 870 est,
630 799 700 858 nec
714 799 872 869 unquam
887 780 1052 852 extendit
1066 801 1137 855 ma·

69 900 141 952 nus
156 880 192 960 in
206 877 326 952 Deum
348 879 470 950 omnia
484 898 562 969 quae
578 880 659 951 vult
674 878 716 951 ad
738 877 893 953 nostram
909 880 1139 953 exercitatio·

56 999 156 1053 ,nem
171 979 416 1051 ordinantem:
448 975 508 1061 sed
522 999 592 1052 nec
608 977 763 1049 occultis
780 977 923 1068 quidem
944 979 1137 1073 cogitatio·

71 1077 176 1151 nibus
194 1088 413 1168 murmurat,
439 1096 559 1169 neque
575 1098 673 1151 voce
695 1097 774 1168 quae
792 1080 835 1151 ab
853 1077 1058 1152 hominibus
1076 1096 1135 1158 au·

69 1175 136 1249 diri
158 1173 284 1270 pollitr
318 1175 620 1268 quemadmodum
641 1198 743 1251 more
770 1196 926 1267 nequam
948 1176 1158 1252 servorum

66 1277 242 1368 imperata
264 1276 495 1349 dominorum
515 1296 592 1349 non
616 1277 733 1369 palam
757 1272 1016 1369 incusantium,
1043 1286 1147 1385 mpr·'
1230 1284 1235 1291 ’

66 1387 215 1449 murant
225 1375 251 1447 ii
264 1377 324 1460 qui
342 1393 437 1447 voce
457 1373 490 1446 u
508 1388 588 1447 tota
603 1377 719 1449 anima
733 1375 778 1447 de
795 1375 848 1447 his
870 1382 948 1467 que
963 1376 1134 1449 accidunt

66 1473 284 1547 maledicere
300 1473 543 1566 providentie
558 1495 636 1546 non
653 1474 787 1547 audent
808 1474 976 1567 quidem,
1002 1474 1061 1548 sed
1081 1477 1134 1548 vi·

66 1572 200 1646 dentur
215 1572 327 1666 ipsum
340 1572 446 1646 etiam
465 1575 626 1647 omnium
645 1572 843 1647 Dominum
857 1574 892 1644 id
907 1577 1023 1647 celare
1035 1577 1133 1648 velle

42 1710 46 1715 ·
91 1672 167 1745 uod
185 1673 417 1765 impatienter
436 1671 568 1749 ferunt.
621 1668 669 1745 Et
687 1673 761 1745 hoc
781 1670 852 1746 elie
867 1688 960 1766 puto
975 1674 1073 1765 quod
1092 1676 1133 1747 in

64 1695 138 1867 301>
159 1772 306 1845 dicitur:
333 1772 530 1843 [nomnibus
547 1773 601 1842 his
615 1797 683 1869 qua
699 1774 878 1843 acciderunt
898 1778 942 1857 ei,
968 1774 1132 1870 nihilpac·

65 1878 157 1943 cavit
192 1869 260 1969 Joi
292 1871 385 1941 lobiis
415 1872 518 1941 carram¹
541 1874 701 1957 Domino:
737 1891 819 1951 cum
845 1871 890 1944 de
922 1874 1132 1947 tentatione

68 1992 147 2062 quae
160 1969 399 2066 precesserat,
425 1970 594 2064 scriptum
613 1971 674 2045 srt:
703 1975 744 2044 ln
762 1972 904 2041 amnibus
920 1972 975 2042 bis
994 1996 1061 2069 que
1081 1984 1133 2042 lac·

65 2073 275 2159 cisternata,
301 2072 389 2140 nihii
403 2079 547 2168 peccavit
570 2072 637 2168 Job
653 2096 754 2143 coram
772 2076 920 2142 Domino.
970 2071 1134 2164 Praecep·

65 2182 144 2245 tum
169 2184 290 2245 autern
315 2191 388 2263 quo
414 2174 449 2244 id
473 2169 552 2244 fieri
580 2184 744 2264 vetatur,
770 2171 809 2244 in
829 2170 1131 2244 Deuteronomio

57 2266 113 2344 'fic
131 2273 197 2343 ait:
224 2274 362 2342 Attende
384 2273 502 2362 neffiot
524 2273 653 2342 verium
673 2274 824 2342 occultum
845 2279 882 2341 in
896 2274 982 2344 corde
999 2289 1051 2341 tua
1066 2274 1138 2340 inii

65 2374 195 2469 quitos,
212 2375 333 2454 dicens,
349 2378 512 2468 appropiat
532 2398 637 2442 omnus
648 2372 817 2470 septimus,
838 2371 871 2444 ἂ
890 2374 1037 2462 reliqua.
1065 2366 1132 2466 Igi-

11 2480 18 2485 ’
64 2485 125 2542 tur
143 2476 204 2562 qui
217 2458 265 2543 iic
279 2473 459 2561 oraverit,
487 2493 568 2545 cum
584 2485 645 2544 tot
654 2473 726 2563 jam
744 2470 939 2559 commoda
958 2490 1133 2566 percepe·
1212 2532 1223 2559 s

62 2570 126 2662 rit,
142 2571 251 2666 magis
262 2571 417 2643 idoneus
427 2566 470 2643 fit
479 2570 702 2647 commisceri
712 2576 855 2667 Spiritui
872 2576 1007 2643 Domini
1017 2578 1071 2667 qui
1082 2594 1132 2640 re.

82 2671 168 2739 levit
185 2672 284 2740 arbem
302 2686 481 2743 terrarum:
508 2675 614 2761 eique
635 2673 695 2763 qui
718 2684 849 2744 terram
869 2682 985 2742 totam
1003 2690 1045 2740 ac
1064 2689 1131 2740 cae-

58 2690 139 2842 sum
152 2770 280 2862 implet
296 2768 329 2840 dt
345 2791 410 2863 per
428 2773 643 2864 prophetam
659 2769 705 2843 fic
720 2772 791 2843 ait:
817 2771 986 2865 Numquid
999 2792 1065 2838 mn
1076 2793 1131 2836 cae·

63 2871 131 2941 lum
145 2872 187 2943 U
211 2887 328 2940 terram
349 2894 398 2962 ego
414 2872 538 2965 impleo,
567 2873 648 2938 dicit
669 2864 851 2941 Dominus?
874 2868 1049 2942 Praeterea
1062 2885 1130 2962 per

62 2965 264 3062 praedidianr
290 2971 481 3060 puritatem
508 2970 614 3041 etiam
644 2970 823 3061 particeps
852 2971 921 3041 erit
952 2966 1129 3040 orationis

62 3067 180 3141 Verbi
195 3067 268 3140 Dei
287 3069 508 3158 quodetiam
525 3066 643 3139 statio
663 3068 785 3140 medio
797 3089 923 3141 eorum
941 3068 1000 3156 qui
1015 3064 1129 3159 ipsum

61 3188 141 3240 non
169 3164 386 3261 agnoscunt,
420 3188 489 3240 nec
520 3168 729 3258 cujusquam
754 3170 920 3261 precibus
943 3163 1068 3257 deest,
1093 3164 1130 3239 dc

63 3287 147 3341 cum
169 3287 215 3340 eo
233 3268 332 3358 cujus
347 3268 526 3339 mediator
543 3264 616 3356 est,
646 3287 717 3339 una
737 3280 875 3361 patrem
893 3279 990 3340 orat·
1032 3263 1131 3338 Pon·

61 3365 153 3439 tifex
175 3367 270 3439 enim
287 3368 514 3439 oblationum
530 3365 730 3438 nostrarum
752 3366 785 3437 dt
802 3364 896 3455 apud
914 3377 1052 3459 patrem
1068 3362 1129 3438 ad·

61 3478 220 3539 vocatus
236 3463 287 3537 est
305 3462 398 3537 filius
417 3467 514 3551 θεὶς
536 3478 618 3539 orat
635 3485 702 3559 pro
723 3464 930 3555 orantibus,
958 3463 1129 3539 exhorta·

61 3577 223 3639 turcum
243 3565 530 3639 exhortantibus.
581 3569 671 3638 Non
694 3576 814 3637 tamen
834 3585 901 3655 pro
925 3562 980 3635 his
999 3584 1128 3638 orave·

61 3667 111 3737 rit
134 3662 229 3755 quast
251 3685 319 3757 pro
348 3665 576 3751 familiaribus
596 3664 654 3757 'qui
675 3683 740 3756 per
759 3662 870 3754 ipsum
893 3661 1020 3737 affidue
1046 3682 1128 3736 non

62 3777 190 3852 orant,
215 3782 335 3854 neque
352 3762 592 3855 eorumquasr
604 3765 677 3855 jam
697 3760 841 3837 suorum
863 3774 1038 3857 patronus
1056 3764 1128 3835 erit

62 3862 158 3959 apud
168 3860 289 3941 Deum
304 3865 454 3956 quinon
470 3862 648 3939 obediunt
659 3862 850 3961 preceptis
865 3864 909 3938 ab
922 3862 1001 3959 ipso
1016 3860 1133 4010 pradi-
