2498 4254
83 124 201 199 160'
298 179 301 186 .
405 110 825 215 ons-onnia·
902 144 950 217 2,

79 280 285 359 intuebitur
307 298 452 372 quoque
483 298 559 372 quae
586 280 628 353 sit
652 274 986 375 remotissimarum,
1012 299 1140 375 quaevo

72 382 263 457 diversitas
281 382 499 473 animalium,
524 380 586 452 vel
599 401 724 453 eorum
738 402 814 471 quae
827 382 864 453 in
878 382 977 473 aquis
991 376 1143 480 vimmo,-

80 484 143 555 vel
171 482 315 571 avium,
353 478 415 551 vel
441 479 619 572 ferarum,
655 481 788 571 quidve
811 480 853 552 srt
878 480 978 571 quod
1002 482 1041 555 in
1065 496 1139 579 tan,
1175 495 1178 538 l

80 580 209 655 multas
231 576 362 671 species
384 578 514 675 singula
536 598 665 673 genera
688 577 933 671 deducuntur,
959 580 1022 671 qui
1043 600 1131 653 crea·

81 682 173 753 toris
198 676 428 771 prospectus,
453 681 515 750 vel
529 680 613 768 ,quis
637 698 702 772 per
722 678 798 751 baec
813 678 945 773 singula
960 678 1135 771 sapientia.

82 778 158 871 ejus
173 778 305 873 tegitur
318 775 444 851 sensus.
497 776 564 848 Sed
581 776 795 871 &agnoscet
810 790 878 867 qua
890 776 1034 851 ratione
1050 778 1134 852 radi·-

82 879 184 957 cibus
198 876 404 967 quibusdam
424 875 483 946 vel
501 875 619 947 herbis
645 874 856 947 associantur
883 878 1043 966 quaedam
1067 876 1129 949 vir·

80 974 237 1071 tutes‚&
251 975 325 1046 aliis
339 975 544 1046 econtrario
559 975 676 1047 herbis
691 978 752 1047 vel
765 975 942 1047 radicibus
955 974 1135 1075 depellun·¹
1174 1052 1178 1071 i

80 1091 171 1147 tur:
220 1096 296 1165 quae
333 1076 426 1144 ratio
461 1072 698 1166 apostatarum
733 1074 972 1171 angelorum,
1011 1096 1134 1169 quave¹
1173 1122 1178 1137 ·

81 1172 184 1247 causa
202 1172 300 1263 quod
320 1173 361 1243 iis
381 1174 440 1263 qui
464 1195 527 1245 eos
546 1194 622 1243 non
645 1186 724 1245 tota
740 1170 812 1246 fide
830 1170 1125 1269 contempserint,
1173 1252 1177 1257 ,

81 1273 145 1346 vel
163 1270 294 1343 adulari
313 1273 350 1343 in
371 1272 543 1363 aliquibus
561 1270 726 1365 poliunt,
750 1274 812 1344 vel
831 1274 963 1344 erroris
979 1270 1081 1345 causa
1093 1292 1132 1346 tc

82 1370 306 1462 deceptionis
336 1370 495 1444 existere.
545 1370 615 1443 Sed
637 1372 732 1443 &de
752 1372 893 1466 singulis
909 1370 1138 1466 divinaepron,
1174 1436 1178 1465 j

82 1469 253 1542 videntia
268 1469 439 1561 judicium
458 1468 584 1561 discet,
612 1471 655 1543 de
669 1472 721 1543 his
739 1493 815 1560 quae
836 1466 1007 1563 accidunt
1025 1468 1131 1569 boni-²
1163 1395 1178 1584 ¹

81 1571 209 1661 nibus,
236 1568 333 1659 quod
351 1591 427 1640 non
444 1568 599 1641 fortuito
618 1572 677 1642 v'el
696 1568 776 1643 casu
794 1568 984 1663 accidunt,
1008 1568 1069 1643 sed
1081 1590 1130 1670 ψ,
1166 1587 1178 1661 ᾗ

81 1669 184 1741 tione
209 1668 356 1758 quadam
379 1682 455 1762 tam,
474 1672 692 1757 examinata,
727 1683 800 1741 tam
824 1668 958 1761 ardua,
992 1682 1036 1743 ut
1061 1688 1129 1766 eam,
1166 1741 1178 1761 ᾗ

81 1789 159 1841 non
185 1765 299 1850 solum
317 1765 538 1860 samiorum,
578 1766 637 1839 sed
666 1768 814 1841 sortaslis
838 1769 997 1841 omnium
1025 1766 1134 1841 homi-⁸
1162 1763 1178 1884 ξ

81 1888 189 1959 num,
227 1888 273 1939 ne
311 1888 479 1940 numerus
508 1868 648 1958 quidem
676 1879 866 1960 pretereat
901 1866 1128 1963 capillorum„
1164 1881 1178 1897 '·

84 1969 183 2060 cujus
207 1966 450 2059 providentiae
478 1970 571 2039 ratio
598 1967 813 2058 perducatur
838 1962 1017 2059 usquead
1047 1965 1129 2039 duos'

81 2064 235 2160 passeres
263 2064 323 2157 qui
354 2065 500 2137 denario
538 2064 798 2158 distrahuntur,
824 2065 897 2154 sive
922 2063 1126 2157 spiritaliter,

81 2166 157 2239 five
183 2164 288 2235 etiam
322 2162 511 2236 secundum
546 2166 684 2237 literam
720 2160 912 2256 passeribus
936 2162 1126 2237 intelletb's.
1162 2167 1165 2174 '

82 2260 194 2337 Nunc
216 2263 307 2333 enirn
331 2260 446 2338 adhuc
465 2264 605 2335 interim
627 2265 813 2355 quaritur,
847 2277 933 2335 tunc
953 2278 1073 2337 autem
1087 2258 1128 2345 ibi
1170 2281 1178 2358 ,ξ

80 2363 153 2455 jam
170 2357 351 2435 manifeste
369 2360 559 2436 videbitur.
610 2357 666 2432 Ex
686 2363 813 2452 quibus
833 2364 999 2435 omnibus
1015 2376 1127 2459 putang

84 2458 168 2533 dum
185 2456 255 2551 est,
283 2459 381 2549 quod
394 2459 536 2533 interim
553 2481 629 2533 non
646 2481 769 2553 parum
784 2461 955 2553 temporis
975 2458 1129 2555 transeat,

84 2580 272 2650 usquequo
292 2579 414 2631 eorum
432 2559 682 2632 tantummodo
703 2582 779 2649 quae
798 2559 899 2653 super
915 2572 1047 2647 terram
1064 2558 1131 2656 sunt·

82 2661 177 2731 ratio
193 2656 274 2750 post
294 2659 378 2728 vitre
393 2656 580 2732 abscessum
603 2658 713 2753 dignis
737 2658 1014 2733 &benemeritis
1028 2658 1132 2758 osteng
1170 2665 1178 2746 ἶ

84 2754 207 2850 datur,
232 2769 275 2829 ut
297 2776 360 2849 per
387 2778 512 2829 eorum
541 2761 699 2831 omnium
724 2760 943 2853 agnitionem
969 2758 1004 2830 a
1029 2760 1132 2852 plenp

82 2854 237 2929 scientiae
271 2856 446 2952 gratiam,
483 2857 605 2929 latitia
640 2858 863 2929 inenarrabili
878 2931 881 2937 ,
899 2857 1132 2951 perfruantur.

83 2954 192 3031 Tunc
207 2954 333 3027 deinde
349 2956 374 3028 sr
390 2976 448 3029 aer
466 2955 529 3027 iste
544 2956 603 3047 qui
618 2958 711 3029 inter
729 2956 852 3027 caelum
867 2954 901 3027 dt
916 2970 1050 3045 terram
1064 2954 1132 3060 eli,

82 3054 236 3130 nonest
259 3077 394 3128 vacuus
420 3056 463 3127 ab
488 3056 742 3148 animantibus,
769 3055 803 3127 &
830 3055 1139 3152 animantibus-ras

84 3154 338 3246 tionabilibus‚
364 3155 453 3227 licut
472 3154 506 3226 ἂ
524 3153 722 3248 Apostolus
744 3154 850 3227 dixit:
885 3156 1058 3252 inquibus
1077 3154 1133 3227 ab·-

83 3257 206 3351 quando
221 3254 398 3351 ambulastis
412 3256 586 3343 secundum
594 3256 739 3345 foculum
757 3256 867 3325 murtdi
884 3256 1005 3353 bajus,
1031 3261 1135 3354 Jetung

84 3354 158 3424 dum
171 3358 344 3449 principem
353 3352 512 3450 potestatis
531 3361 614 3426 aeris
628 3350 734 3457 hujus·
748 3356 879 3441 spiritus
896 3359 954 3450 qui
974 3380 1066 3427 nunc
1077 3376 1136 3454 spe

84 3469 180 3523 ratur
190 3454 314 3543 insiliis
324 3451 522 3543 diffidentia.
540 3452 590 3549 Et
598 3455 728 3528 iterum
738 3454 807 3526 ait:
822 3455 1044 3548 Ropirmrtrin
1052 3456 1142 3555 nudip-

85 3552 270 3624 lusolviam
284 3554 405 3649 cbristo
414 3580 544 3635 intera,
559 3552 597 3629 (Ἰ
607 3555 851 3649 itasempercum
863 3559 1000 3625 Domino
1013 3561 1148 3653 erimus·

156 3656 192 3727 6.
215 3650 414 3729 Putandum
431 3652 481 3727 est
497 3653 717 3749 igitur-quod
732 3654 865 3726 tamdiu
881 3652 984 3727 santii
999 3654 1052 3728 ibi
1063 3673 1136 3751 pet3

83 3766 272 3849 marcant,
287 3750 484 3849 usquequo
496 3750 676 3851 utriusque
689 3754 982 3929 modirptionepr
1000 3754 1140 3868 dispepg

962 3856 1094 3935 atronis
