2498 4254
314 135 1143 275 oronarrouu.441

88 311 178 383 citra
192 307 362 382 harumce
377 306 574 398 specierum
586 309 720 383 causam
737 311 912 401 ejusmodi
924 308 1147 393 animante·

85 411 198 481 beant
211 410 352 481 ratione
367 408 615 500 compositam,
640 408 859 503 &ejusmodi
872 432 1028 505 corpore
1040 413 1148 487 aethe
1200 444 1203 449 ·

85 529 154 580 reo
186 507 436 599 puriiimoque
469 523 1171 582 utantur..

165 615 196 685 8
214 607 388 679 Praeterea
404 629 480 681 non
498 608 682 693 absurdum
697 610 765 682 erit
777 608 1043 700 otihujosmodi
1059 567 1148 702 quo·

88 705 169 778 darn
185 710 353 800 exemplo
370 709 412 779 ut
426 709 590 779 homines
611 708 654 780 ad
671 709 845 783 orandum
861 710 1099 801 impellamus,
1114 710 1157 809 διι

88 820 292 880 avertamus
323 809 365 878 ab
391 809 559 878 oratione
581 809 801 902 negligenda.
853 806 908 879 Ut
940 811 1041 880 liberi
1065 831 1148 901 pro·
1224 889 1230 903 ⁸

89 910 202 976 creari
224 927 300 977 non
327 904 485 1077 possuntl
492 906 555 978 nisr
578 907 735 979 adhibita
754 900 903 981 muliere
924 928 1042 998 eoque
1071 904 1150 981 actu

90 1006 152 1094 qui
169 1005 213 1077 ad
231 1029 307 1080 cam
327 1028 400 1077 rem
418 1007 514 1077 utilis
536 1005 612 1090 est;
638 1006 685 1078 src
702 1009 760 1079 ilie
778 1008 926 1097 aliquis
921 1007 997 1079 haec
1010 1010 1072 1080 vel
1089 1009 1151 1081 illa

88 1125 168 1178 non
181 1107 336 1198 accipiet
352 1098 414 1176 nisr
431 1104 478 1177 src
495 1106 656 1176 oraverit
672 1109 745 1177 hoc
759 1105 906 1180 affectus
925 1106 1060 1199 modo,
1081 1107 1154 1179 hac

88 1200 184 1295 fide,
209 1204 243 1278 ἃ
262 1204 324 1277 nisr
340 1204 433 1276 hanc
454 1218 537 1276 ante
555 1210 760 1279 orationem
774 1208 887 1279 vitam
905 1206 1057 1282 duxerit.
1083 1207 1150 1279 lta·

90 1324 163 1394 que
175 1326 252 1377 non
268 1303 318 1377 est
329 1307 479 1376 multum
494 1306 735 1394 loquendum,
761 1327 839 1378 non
856 1306 984 1402 exigua
993 1306 1152 1397 petenda

88 1422 163 1476 nec
185 1404 229 1475 de
254 1405 405 1477 terrenis
430 1404 648 1499 rogandum:
681 1425 751 1477 nec
776 1425 857 1481 curn
880 1407 930 1477 ira
949 1419 1010 1478 aut
1029 1408 1150 1479 animo
1199 1436 1202 1446 ·

89 1507 304 1596 perturbato
314 1505 356 1575 ad
366 1505 570 1575 orationem
586 1505 843 1583 accedendum
866 1504 1064 1596 Sedneque
1078 1505 1151 1578 srne

89 1604 455 1695 puritatcirrtellirere
466 1604 553 1675 licet
566 1603 753 1693 quomodo
766 1606 844 1695 quis
855 1625 918 1677 ora
920 1603 1152 1678 tioniuacare

89 1700 215 1799 possit,
231 1724 300 1775 nec
319 1700 554 1775 remiffionem
569 1705 930 1797 peccatorumpotest
948 1724 1054 1777 orans
1066 1724 1154 1777 con·

90 1798 1155 1898 sequinisrexcorderemiseritsratriillataeueniaminjuriar

90 1898 298 1991 postulanti.
328 1902 407 1996 Jam
423 1899 521 1990 quod
537 1913 704 1975 orantem
722 1923 768 1975 eo
784 1923 857 1994 quo
878 1916 1028 1995 oportet
1040 1901 1153 1975 modo

92 2001 155 2071 vel
179 2000 221 2073 ad
245 2001 280 2073 id
298 2021 365 2093 pro
392 2002 527 2074 viribus
553 2015 810 2094 properantem
832 2003 1000 2094 adjuvet,
1033 2001 1154 2075 multis

92 2100 247 2173 arbitror
269 2099 386 2172 modis
408 2101 555 2171 evenire
581 2098 692 2191 posse.
743 2097 799 2171 Ac
824 2103 977 2194 primum
1009 2101 1155 2193 quidem

92 2200 247 2271 omnino
264 2202 352 2270 utile
371 2201 440 2271 erit
448 2196 478 2269 si
495 2201 573 2289 quis
589 2199 631 2270 ad
647 2202 821 2273 orandum
840 2212 963 2273 mente
978 2203 1155 2289 intentus,

91 2320 159 2394 per
174 2300 285 2391 ipsum
303 2316 409 2386 quern
430 2299 525 2370 inter
547 2298 721 2370 orandum
740 2300 889 2373 habebit
905 2299 1059 2372 statum
1051 2311 1099 2373 ita
1117 2294 1154 2401 se

92 2397 341 2489 composuerit
359 2396 453 2486 quasr
471 2420 529 2488 qur
521 2397 629 2469 Deo
655 2397 768 2471 adstet
788 2399 820 2470 ἃ
838 2419 919 2473 cum
934 2398 1011 2492 ipso
1029 2402 1157 2514 loqua-

91 2509 153 2572 tur
173 2510 342 2588 tanquam
368 2494 581 2588 inspiciente
614 2517 656 2570 ac
682 2496 868 2613 prasente
930 2498 1033 2571 Sicut
1057 2498 1156 2575 enim

92 2610 204 2670 certae
221 2596 403 2687 quaedam
394 2598 564 2690 imagines
580 2617 697 2671 rerum
716 2599 890 2671 memoria
912 2618 998 2690 repe
1001 2600 1075 2671 titae
1096 2616 1157 2671 eat

92 2698 285 2786 inquinant
302 2697 543 2788 cogitationen
563 2717 640 2786 quac
659 2696 877 2768 oboriuntur
895 2715 977 2771 cum
998 2699 1059 2769 iile
1082 2694 1158 2789 spe·

93 2796 169 2868 cies
190 2796 310 2869 animo
338 2793 598 2868 obversantur:
628 2794 759 2867 eodem
776 2795 889 2868 modo
914 2795 1084 2869 credibile
1106 2792 1159 2871 est

92 2896 219 2967 utilem
238 2892 307 2966 esse
326 2893 619 2968 recordationem
640 2891 711 2965 D'ei
736 2894 794 2984 qui
812 2892 964 2986 praesens
986 2892 1055 2978 est,
1084 2894 1159 2985 qoi-

93 3015 166 3085 que
189 3006 311 3065 motus
340 2993 464 3064 anima
490 3012 618 3065 omnes
643 2992 750 3064 etiam
776 2992 1009 3085 penitissrmos
1031 2991 1159 3085 depre-

92 3092 237 3167 hendit:
263 3092 346 3163 dum
369 3089 403 3163 se
419 3091 479 3180 ilia
495 3093 706 3183 componit,
733 3104 774 3163 ut
789 3104 958 3184 tanquam
973 3090 1158 3186 presenti,

89 3190 324 3286 inspicienti,
356 3187 455 3263 &ad
477 3211 624 3263 omnem
648 3202 808 3265 mentem
831 3192 1063 3283 pervenienti
1086 3193 1161 3285 pla·

95 3304 178 3366 ceat
205 3291 238 3365 ei
262 3292 324 3381 qui
346 3288 526 3362 examinat
549 3288 660 3363 corda
682 3289 716 3362 oc
735 3287 910 3362 scrutatur
936 3311 1054 3367 renes
1102 3288 1159 3365 Ut

94 3393 193 3464 enim
218 3384 461 3481 supponamus
489 3389 622 3461 nuliam
652 3390 754 3461 aliam
782 3391 976 3467 utilitatem
1003 3388 1160 3465 accessu·

95 3513 171 3562 ram
194 3491 228 3564 ei
253 3490 313 3579 qui
338 3487 384 3560 src
410 3475 570 3560 mentem
594 3487 637 3560 ad
662 3488 865 3561 orationem
890 3488 1159 3585 composuerit,

96 3610 176 3661 non
200 3589 382 3661 modicum
407 3584 557 3659 frustum
584 3608 714 3681 capere
740 3588 995 3684 intelligendus
1021 3588 1161 3681 estqui

95 3687 173 3780 ipso
193 3688 368 3759 orationis
387 3701 552 3779 tempore
567 3687 616 3759 ita
633 3685 668 3759 se
689 3689 749 3778 pie
767 3689 1023 3804 composuerit
1074 3686 1160 3763 Hoc
1186 3686 1189 3693 ’
1230 3768 1233 3773 ,

96 3808 190 3861 vcro
220 3785 247 3860 sr
271 3786 482 3879 frequenter
505 3782 596 3880 fiat,
583 3797 727 3959 ‚Equot
753 3807 772 3859 a
796 3790 958 3884 peccatis
991 3799 1159 3882 auertat,

650 3904 717 3976 es
1025 3898 1128 3976 upon
