2498 4254
80 178 153 259 aa·
398 161 804 277 oaaoauas

79 336 178 417 bitur
192 329 265 427 ipse
274 329 375 410 Deus
393 346 553 409 naturam
564 333 627 407 sabi
643 328 794 427 aliquam
805 329 924 407 feciil‘e
942 330 1137 427 inimicam,¹

81 456 160 527 quae
181 434 214 509 ei
232 455 309 510 non
327 433 447 525 potest
463 432 532 507 elle
548 432 700 524 subletla
713 455 782 508 nee
798 434 868 527 legi
885 433 980 523 ejus:
1006 434 1140 527 quippe

79 534 107 617 fi
123 534 271 607 animale
281 530 351 607 effe
358 534 563 627 putabitur,
585 532 714 623 dequo
730 532 807 605 haee
821 532 999 606 aieuntur.
1026 530 1141 629 Quod

80 634 105 709 sl
123 635 173 707 ita
185 633 399 725 recipiatur,
426 632 509 725 quid
518 624 937 726 jamdifferrevidebitur
952 632 995 703 ab
1012 631 1067 705 his
1079 631 1141 723 qui

80 731 237 815 diversas
257 747 400 807 naturas
420 732 613 805 animarum
629 731 755 807 dicunt
777 728 848 804 elle
869 744 1036 823 creatas,
1063 752 1142 821 quo

79 831 292 906 naturaliter
309 832 374 909 vel
393 834 561 925 peritura
576 831 672 922 sint,
704 832 767 903 vel
789 828 995 905 salvanda?
1027 828 1144 929 Quod

80 933 206 1024 utique
221 928 307 1005 solis·
326 930 503 1007 baselicis
517 932 669 1023 placet,
705 932 765 1021 qui
782 929 865 1003 dum
882 928 1052 1021 justitiam
1068 928 1144 1002 Dei

79 1032 141 1127 pia
156 1031 299 1106 ratione
318 1026 517 1103 asseverare
531 1050 608 1105 non
625 1027 793 1125 possunt,
818 1027 1068 1121 hujuscemodi
1080 1027 1142 1101 im-

79 1130 225 1223 pietatis
241 1127 410 1223 lig-menta
431 1141 669 1223 componunt.
717 1124 767 1203 Et
786 1148 856 1215 nos
875 1128 1015 1219 quidem
1031 1139 1145 1219 prout

80 1230 269 1326 potuimus
280 1250 326 1301 ex
338 1228 556 1323 lingaalorum
567 1224 729 1321 personis
746 1248 825 1318 quae
837 1226 906 1301 diei
919 1224 1067 1319 poliunt
1079 1224 1148 1299 dis-

80 1326 282 1423 putationis
301 1326 417 1401 modo
443 1326 491 1401 de
508 1326 651 1422 fiugulis
672 1325 900 1420 dogmatibus
923 1327 960 1399 in
989 1324 1145 1401 medium

80 1427 404 1525 protulimusz'qui
421 1440 541 1502 autem
552 1428 661 1525 legit,
686 1426 794 1523 eligat
811 1446 859 1501 ex
869 1427 923 1501 his
940 1446 1019 1519 qua
1035 1425 1145 1523 magis

82 1524 331 1623 muetoenda
345 1526 390 1603 aa
409 1528 518 1603 ratio.

429 1713 522 1815 CA
546 1724 576 1797 P
598 1722 637 1799 U
661 1722 701 1799 Τ
746 1724 799 1801 V.

263 1988 267 1996 Ι
300 1876 398 1969 Qud
418 1876 556 1947 mundus
580 1902 620 1948 ex
642 1891 774 1973 tmpore
796 1878 934 1972 coperit.

87 2039 125 2103 ,1-
198 2020 255 2097 ost
273 2024 353 2097 hac
367 2024 441 2116 iata
467 2024 638 2116 quatiam
664 2023 808 2117 qudem
825 2022 880 2096 de
906 2018 1150 2095 eccl'efiastieis

222 2120 496 2197 definitionibus
516 2144 629 2197 aluum
650 2125 803 2199 habettu
827 2124 1010 2219 proeipue·
1026 2118 1152 2195 secam·

84 2218 172 2295 tituta
188 2218 347 2295 historia
364 2220 499 2293 nostru·
516 2219 648 2316 fidem,
673 2224 773 2316 quod
789 2223 940 2297 mtmdus
957 2221 1019 2295 hic
1034 2220 1151 2293 iatius

83 2316 150 2409 fit,
177 2318 213 2391 a
229 2340 274 2391 ex
293 2334 400 2391 certo
415 2332 584 2414 tempore
601 2324 773 2417 caeperit,
798 2320 1044 2395 &leuandum
1063 2341 1150 2411 pro·

85 2418 281 2513 mulgatam
296 2419 463 2491 omnibus
485 2417 826 2495 coastunmationem
844 2420 984 2511 foculi,
1011 2417 1149 2511 profui

87 2517 330 2609 corruptione·
342 2515 535 2591 solvendus
552 2519 614 2612 fit,
639 2522 747 2595 etiam
769 2521 901 2593 dehoc
916 2541 1028 2613 pauca
1045 2538 1151 2609 tepe-

86 2626 169 2689 tere
182 2636 261 2689 uon
276 2616 420 2689 videtur
439 2618 637 2694 absurdum.
684 2620 735 2693 Et
755 2632 925 2711 quantum
942 2617 1082 2711 qudem
1100 2616 1149 2689 ad

86 2712 340 2809 scripturarum
363 2713 472 2790 fidem
500 2720 689 2812 pertinet,
721 2720 900 2811 perfacilis
931 2716 1078 2791 videtur
1102 2715 1152 2789 de

86 2814 165 2889 hoc
180 2813 336 2890 assertio.
385 2816 551 2909 Denique
571 2818 727 2891 haretici
750 2840 830 2893 cum
845 2819 882 2891 in
896 2817 963 2891 alia
975 2817 1087 2891 multa
1100 2814 1153 2887 di·

85 2912 207 2989 aratu
220 2912 312 3006 sint,
331 2915 370 2987 in
382 2914 456 2988 hoc
472 2932 593 2989 tamen
607 2916 789 3011 scripturae
803 2916 1007 2991 autloritati
1021 2915 1153 2987 ceden-

86 3026 165 3106 tes,
191 3012 255 3083 viii
269 3012 349 3087 suut
361 3014 573 3091 consonare.
617 3016 679 3091 De
694 3016 907 3091 conditione
924 3036 1012 3111 ergo
1026 3014 1155 3087 mundi

88 3133 167 3203 quat
182 3112 249 3185 alia
269 3133 339 3185 uos
358 3112 530 3206 scriptura
544 3119 653 3211 magis
668 3117 807 3209 poterit
821 3118 976 3191 edocere
989 3135 1094 3205 quam
1109 3136 1155 3187 ea

87 3230 170 3301 qatae
183 3233 204 3282 a
216 3209 350 3303 Moyse
366 3212 413 3285 de
426 3214 567 3309 origine
583 3216 742 3305 eiusdem
757 3214 887 3309 scripta
904 3212 979 3287 esti
1007 3216 1098 3311 Quae
1111 3214 1155 3287 li-

88 3322 150 3383 cet
168 3311 303 3401 majora
322 3312 419 3387 iutra
438 3310 476 3384 se
492 3315 679 3388 contiueat
695 3336 800 3406 quam
823 3314 977 3389 historiae
988 3314 1153 3385 narratio

85 3407 237 3479 videtur
251 3408 454 3504 ostendere,
476 3410 709 3507 &spiritalem
721 3414 757 3485 ia
772 3436 874 3507 qtsam
890 3412 1049 3485 maximis
1066 3433 1156 3487 con·

87 3505 205 3580 tineas
218 3506 457 3601 attenedum,
485 3523 594 3603 atque
604 3513 641 3591 in
656 3514 768 3587 rebus
779 3513 934 3606 mysticis
954 3510 1153 3603 &profun-

89 3604 143 3678 dis
160 3604 341 3679 velamine
360 3610 515 3697 quodam
532 3610 646 3686 litera
660 3627 807 3686 utatur:
832 3627 950 3685 tamen
971 3612 1152 3685 nihilomi-

88 3724 159 3777 nus
173 3701 309 3777 indicat
322 3706 395 3779 hoc
411 3706 525 3783 sermo
543 3712 739 3800 narrantis,
762 3712 858 3803 quod
877 3733 920 3783 ex
938 3723 1040 3783 certo
1062 3726 1155 3786 tem·

85 3820 185 3905 pore
203 3817 324 3884 creata
341 3803 421 3887 suut
440 3810 561 3887 omnia
577 3831 654 3906 quae
676 3812 853 3887 videntur.
912 3809 971 3883 De
989 3809 1151 3887 consum·

971 3911 1099 3985 tuatio
