2498 4254
92 222 171 308 aa
363 188 824 295 'on1onnie
909 320 911 324 λ
1103 39 1192 297 f!

28 450 39 475 x
91 394 151 456 ter
175 376 435 477 subsistentem,
463 380 582 455 nescio
608 380 634 454 si
657 382 731 475 jam
752 382 848 455 ultra
871 380 1014 478 evagari
1038 374 1153 455 sensus
1178 360 1196 492 ’ξ

90 480 214 557 noster
229 482 357 555 debeat
371 482 414 555 ad
426 479 685 575 suspicandum,
711 492 758 554 ne'
772 480 869 554 sorte
882 480 954 574 ipsa
972 480 1196 581 sauream-‚tf

91 580 130 656 id
150 580 200 654 est
215 578 402 653 substantia
416 582 490 674 ejus
513 600 730 675 corporeum
750 579 881 670 aliquid
895 580 1046 673 habeat,
1074 598 1152 653 cnm
1179 570 1196 763 ὲ

91 700 201 753 omne
218 681 315 771 quod
337 701 554 775 corporeum
575 678 645 775 est,
671 682 733 752 vel
752 680 895 773 habitu,
922 681 984 753 vel
1003 680 1152 773 colore,

90 780 155 851 vel
167 779 406 875 magnitudine
418 780 626 877 designetur.
677 774 727 873 Et
737 781 813 870 quis
825 799 979 872 unquam
997 777 1069 851 sarii
1084 774 1153 851 sen*
1179 766 1196 857 s

88 876 147 953 sus
171 880 354 975 habitum,
380 883 441 955 vel
467 882 648 972 colorem,
673 880 735 951 vel
759 876 928 951 mensurae
947 876 1151 973 magnitudi·
1181 862 1196 981 ¹¹

87 998 174 1052 nem
189 978 226 1050 in
241 976 408 1073 sapientia
420 979 603 1073 requisivit
617 999 681 1073 per
695 979 769 1051 hoc
784 977 882 1071 quod
895 976 1065 1073 sapientia
1080 974 1152 1049 esti
1180 961 1196 1079 ζ]

90 1078 292 1176 Quomodo
311 1093 429 1154 autem
454 1078 678 1171 extrahuJ‘ns
695 1076 870 1173 sapientiae
886 1076 1156 1173 generationem,
1181 1090 1196 1177 ζ

88 1176 191 1251 fuisse
215 1178 401 1268 aliquando
424 1178 543 1253 Deum
562 1190 723 1274 patrem,
747 1179 811 1249 vel
827 1176 871 1248 ad
891 1174 1062 1268 punitum
1079 1196 1153 1247 mo·

87 1275 201 1351 menti
219 1276 365 1369 alicujus
381 1281 457 1371 quis
473 1276 593 1372 potest
604 1275 733 1351 sentire
748 1278 809 1348 vel
826 1276 997 1367 credere,
1026 1274 1088 1367 qui
1106 1288 1153 1353 ta·

29 1436 32 1441 .
88 1394 173 1448 men
198 1376 300 1465 pium
321 1377 451 1467 aliquid
482 1378 527 1451 de
551 1376 635 1449 Deo
662 1376 862 1472 intelligere
887 1376 1061 1467 noverit,
1095 1361 1152 1448 vel

2 1560 4 1565 ¹
86 1471 243 1547 sentire‘.²
268 1472 348 1548 Aut
364 1476 459 1551 enim
477 1496 553 1549 non
573 1475 728 1570 potuisse
741 1472 859 1547 Deum
873 1474 970 1547 dicet
985 1492 1154 1569 generare

5 1664 9 1669 ῃ
84 1568 291 1664 sapientiam
306 1587 495 1667 antequam
507 1588 713 1673 generaret,
738 1586 782 1646 ut
795 1594 871 1647 eam
885 1594 963 1665 quae
978 1590 1062 1646 ante
1078 1590 1154 1647 non

86 1683 186 1763 erat,
212 1670 336 1764 postea
352 1676 517 1770 genuerit
531 1688 574 1746 ut
588 1672 692 1748 esset:
719 1686 779 1746 aut
794 1670 948 1767 potuisse
962 1672 1104 1764 quidem
1122 1670 1155 1745 lla

84 1766 208 1866 (quod
229 1771 296 1844 dlci
316 1773 360 1846 de
372 1773 457 1845 Deo
473 1774 573 1848 nefas
594 1772 670 1946 estg
680 1770 830 1846 noluisse
841 1792 1031 1869 generare:
1058 1766 1154 1863 quod
1193 1848 1196 1855 ,

83 1882 276 1962 ntrtrmque
295 1871 329 1944 δι
351 1871 536 1947 absandum
551 1871 619 1947 else
687 1873 834 1966 impium
853 1860 1021 1945 omnibtlt'
1036 1870 1154 1963 patet:
1190 1858 1196 1945 i

83 1968 123 2042 id
141 1968 192 2042 est
210 1984 253 2042 ut
271 1984 332 2045 aut
350 1994 394 2045 ex
412 1972 571 2066 eoquod
597 1994 674 2047 non
696 1972 817 2064 potuit
838 1970 940 2043 Deus
957 1966 1155 2065 proficeret
1190 1948 1196 2071 i

83 2080 128 2141 ut
152 2067 289 2161 posset,
316 2085 378 2143 aut
405 2094 485 2145 cnm
509 2070 650 2165 posset,
678 2072 900 2144 dissimularet
925 2090 966 2141 ac
993 2068 1155 2142 differret
1191 2082 1196 2129 i

83 2186 255 2261 generare
267 2168 482 2261 sapientiam.
529 2172 684 2263 Propter
701 2169 800 2261 quod
810 2190 879 2243 nos
891 2166 1156 2261 semperDeutn
1170 2134 1196 2267 ,1

81 2278 223 2360 patrem
247 2270 416 2342 novimus
440 2270 616 2365 unigeniti
639 2267 704 2344 filii
729 2268 800 2361 sui,
838 2288 884 2342 ex
908 2266 985 2361 ipso
1012 2266 1155 2361 quidem
1193 2278 1196 2351 ξ

80 2363 179 2455 nati,
212 2363 365 2457 &quod
391 2367 441 2441 est
462 2366 599 2462 abipso
616 2368 821 2462 trahentis,
847 2368 919 2441 sine
938 2368 1014 2439 ullo
1035 2380 1157 2457 tamen

82 2463 211 2556 initio,
236 2474 312 2538 non
326 2464 441 2541 solum
458 2488 504 2540 eo
522 2469 620 2560 quod
630 2469 803 2563 aliquibus
819 2481 1023 2559 temporum
1037 2462 1155 2561 spatiis

82 2559 247 2658 distingui
266 2565 415 2663 potest,
440 2566 500 2640 sed
524 2588 571 2640 ne
595 2568 659 2640 illo
685 2568 827 2662 quidem
846 2567 944 2658 quod
960 2562 1035 2639 sola
1060 2562 1155 2665 apud

81 2658 301 2756 semetipsam
318 2686 419 2738 mens
437 2668 567 2740 intueri
584 2666 701 2760 solet,
734 2667 769 2739 δι
789 2667 889 2739 nudo
910 2662 973 2836 {ut
988 2666 1038 2737 ita
1058 2664 1156 2738 dixe
1193 2700 1196 2709 ·

80 2759 171 2857 rim)
185 2761 388 2859 intellescu,
416 2779 523 2858 atque
537 2766 657 2842 animo
676 2765 881 2859 conspicari.
943 2778 1024 2837 xtra
1042 2782 1153 2836 omne

82 2880 170 2955 ergo
187 2864 286 2952 quod
301 2866 364 2937 vel
383 2864 475 2958 dici,
503 2866 563 2939 vel
581 2866 733 2961 intelligi
749 2864 870 2960 potest
885 2862 1024 2939 initium
1046 2882 1153 2967 geno

79 2972 195 3034 ratam
209 2959 278 3035 else
298 2965 513 3039 eredendum
531 2963 582 3039 est
598 2964 813 3059 sapientiam.
867 2962 911 3037 In
928 2964 994 3035 hac
1010 2960 1081 3055 ipsa
1101 2980 1156 3059 er·

79 3080 131 3155 go
146 3057 322 3154 sapientiae
339 3061 579 3156 subsistentia,
607 3067 687 3156 quia
707 3058 823 3138 omnia
838 3064 955 3135 virtus
973 3083 1015 3135 ac
1033 3060 1155 3135 defor-

78 3160 192 3233 matio
214 3160 343 3235 suturae
361 3163 477 3235 inerat
500 3176 699 3256 creamine,
731 3164 795 3236 vel
817 3182 945 3234 eorum
961 3180 1041 3252 quae
1057 3162 1155 3254 prin·
1173 3240 1189 3249 ,

81 3258 427 3354 cipaliterexistunt‚
451 3263 513 3335 vel
525 3284 649 3336 eorum
669 3280 746 3355 quae
758 3260 925 3337 accidunt
936 3256 1157 3351 consequen·

79 3370 139 3429 ter
166 3356 304 3431 virtute
329 3361 556 3455 praescientiae
576 3362 805 3456 praeformata
829 3374 935 3452 atque
962 3357 1152 3452 disposita,

79 3474 150 3551 pro
167 3454 223 3527 his
242 3456 321 3551 ipsis
346 3482 423 3553 que
438 3460 476 3532 in
497 3459 569 3552 ipsa
591 3460 759 3555 sapientia
783 3462 888 3534 velut
911 3454 1093 3550 descripta
1112 3478 1156 3531 ae

78 3551 313 3650 praefiguratae
338 3560 482 3646 fuerant
508 3563 704 3653 creaturis,
732 3557 874 3655 seipsam
899 3578 964 3656 per
988 3558 1156 3631 Salomo-

79 3674 164 3726 nem
187 3653 274 3726 dicit
297 3674 452 3733 creatam
469 3657 538 3730 else
560 3657 730 3753 sapientia
746 3661 886 3735 initium
902 3659 1042 3730 viarum
1056 3656 1154 3752 Dei,

81 3754 272 3827 continens
294 3754 427 3831 scilicet
445 3760 482 3832 in
502 3756 684 3852 semetipsa
701 3758 874 3836 universe
895 3770 1066 3832 creaturae
1090 3758 1156 3831 vel

79 3851 205 3962 initia,
230 3856 293 3930 vel
312 3858 469 3957 formas,
495 3860 557 3934 vel
574 3856 720 3955 species,

350 4069 359 4104 l

955 3956 1100 4052 noua·
1132 3918 1135 3923 ⁵
