2498 4254
4 92 119 228 ‘ut
366 88 778 212 ouro‘turs

246 308 437 397 Rurrur
472 320 914 405 Iurunruururro.

127 507 185 577 24.
208 486 304 584 Quae
330 481 512 556 descensio
537 480 737 557 sanstorum
762 497 903 578 patrum
938 487 977 562 in
1001 483 1123 586 AEgy·‘

49 601 175 687 ptum,
197 587 236 660 in
261 585 360 656 hunc
383 581 555 656 mundum
575 581 689 655 uideri
713 587 852 677 poterit
874 585 917 660 ad
938 588 1118 663 illumina·

49 691 191 763 tionem
205 695 441 773 caeterorum,
467 694 575 773 atque
591 681 736 757 humani
754 688 895 779 generis
912 685 1117 760 instruitio·

49 808 136 864 nem
159 781 430 880 aprovidentia
456 778 529 852 Dei
557 778 627 853 elie
654 780 843 877 conceffa,
893 796 935 858 ut
955 807 1022 880 per
1045 806 1117 861 eos

51 902 190 963 caeterae
206 884 331 956 animae
347 880 553 965 illuminetae
569 881 792 972 juvarentur.
830 881 917 977 Ipsis
933 886 1120 981 enimpri.

49 989 118 1064 mis
140 978 307 1057 conceffa
322 978 403 1053 sunt
414 979 559 1069 eloquia
577 978 674 1072 Dei,
700 982 870 1072 quoniam
889 983 1005 1060 solum
1021 985 1117 1061 istud

51 1083 105 1161 est
117 1105 229 1183 genus
240 1078 339 1173 quod
354 1077 477 1151 videre
492 1077 624 1150 dicitur
637 1079 776 1154 Deum:
801 1081 877 1154 hoc
893 1085 990 1157 enim
1003 1080 1117 1160 Israe-

50 1189 96 1261 lis
116 1202 253 1258 nomen
274 1173 447 1274 fignificat
465 1179 753 1270 interpretatum.
801 1181 880 1276 Jam
906 1203 999 1257 vero
1026 1206 1118 1259 con·

51 1285 203 1374 sequens
227 1277 280 1352 est
296 1291 338 1350 ut
359 1274 553 1370 secundum
576 1278 653 1349 haec
673 1281 784 1370 aptari
801 1279 934 1356 debeat
951 1283 985 1356 ἅ
1005 1285 1120 1359 inter·

50 1381 184 1480 pretari
201 1378 289 1452 illud
305 1376 404 1468 quod
426 1374 552 1448 decem
571 1377 681 1471 plagis
704 1375 885 1475 AEgyptus
902 1384 1120 1475 verberatur

49 1495 95 1556 ut
108 1480 180 1552 Dei
191 1479 367 1573 populum
378 1475 689 1569 permitterentne,
715 1480 777 1550 vel
791 1500 835 1552 ea
852 1481 930 1572 quae
945 1483 983 1554 in
998 1481 1118 1557 deser-

49 1597 94 1675 to
121 1600 203 1653 cum
228 1578 369 1672 populo
395 1587 588 1671 geruntur,
621 1579 683 1649 vel
714 1578 815 1668 quod
840 1600 885 1653 ex
910 1583 1119 1659 collatione

52 1682 172 1754 omnis
201 1678 327 1773 populi
357 1676 629 1750 tabernaculum
655 1674 895 1773 construitur,
923 1682 985 1754 vel
1011 1682 1117 1756 indu·

7 1816 26 1863 ῃ
51 1792 215 1857 mentum
233 1775 454 1849 sacerdotale
479 1776 709 1869 contexitur,
741 1777 873 1852 uelde
902 1779 990 1854 vasus
1013 1782 1118 1856 mini·

50 1878 146 1965 sterii
163 1894 397 1971 quaecumque
410 1874 592 1964 dicuntur,
618 1876 815 1970 quievere,
839 1878 931 1952 srcut
944 1879 1118 1975 scriptum·

52 1980 105 2055 est
122 2033 131 2064 ,
155 1981 317 2051 umbram
332 1977 371 2047 in
390 1976 425 2050 ie
440 1972 666 2067 formamque
690 1974 882 2052 caelestium
905 1983 1113 2058 continent.
1149 2046 1153 2053 .

51 2075 247 2166 Manifeste
268 2077 364 2147 enim
381 2071 510 2146 Paulus
532 2074 583 2146 ait
600 2074 645 2148 de
664 2075 755 2168 illis,
782 2079 865 2168 quia
881 2081 995 2151 umbra
1008 2077 1048 2156 θ
1060 2106 1117 2152 ex·

53 2182 186 2277 emplari
203 2176 389 2263 deserviunt
403 2175 572 2271 caelesiium.
622 2173 664 2246 In
682 2173 750 2247 hac
767 2175 893 2253 eadem
909 2179 989 2274 lege
1008 2182 1118 2258 etiam

52 2278 288 2357 nihilominus
314 2275 546 2366 continetur,
574 2274 701 2365 quibus
723 2275 886 2369 legibus,
913 2280 1117 2371 quibusque

52 2375 339 2454 institutionibus
356 2374 395 2445 iu
418 2386 514 2445 terra
534 2371 650 2446 santia
671 2372 870 2445 vivendum
892 2374 944 2450 srt.
993 2378 1120 2453 Sed&
1154 2409 1156 2412 ⁴

53 2475 358 2552 comminationes
375 2472 499 2566 posrtae
511 2471 593 2545 sunt
605 2470 659 2543 his
672 2471 732 2561 qui
745 2477 967 2561 praevaricati
980 2475 1120 2552 fuerint

53 2581 189 2674 legem:
219 2592 382 2647 nec-non
401 2570 504 2644 &his
526 2571 586 2663 qui
605 2565 859 2664 purificatione
881 2574 1119 2674 indigebant,

54 2673 193 2754 diversa
209 2661 502 2767 purificationum
518 2689 670 2764 genera,
694 2669 798 2741 velut
814 2672 874 2762 qui
888 2671 1119 2761 frequentius

54 2776 169 2855 effent
188 2769 393 2868 polluendi.
420 2767 635 2859 truduntur,
660 2781 703 2841 ut
720 2788 786 2862 per
808 2769 884 2844 haec
907 2773 1052 2846 tandem
1074 2777 1120 2850 ad

52 2881 150 2956 illam
173 2890 282 2945 unam
305 2864 595 2963 purificationem
616 2869 766 2960 veniet,
792 2867 979 2963 postquam
1000 2857 1083 2964 pori
1108 2878 1117 2894 '

53 2983 148 3058 ultra
161 2992 240 3047 non
254 2971 352 3043 licet.
403 2966 475 3041 Sed
494 2965 583 3040 &ad
597 2987 785 3042 numerum
799 2973 957 3064 populus
973 2970 1046 3065 ipse
1059 2976 1120 3048 de·

55 3077 219 3163 ducitur,
252 3071 340 3142 licet
361 3087 608 3159 nonomnesr
634 3067 790 3160 pueriles
811 3088 966 3162 namque
991 3075 1119 3149 animae

54 3174 220 3256 nondum
237 3181 379 3261 tempus
394 3166 531 3238 habent
546 3185 590 3240 ex
609 3168 736 3239 divino
750 3181 937 3262 precepto
953 3191 1120 3248 numera·

54 3279 106 3351 ri:
131 3271 254 3346 sedne
273 3268 342 3340 illae
364 3266 507 3357 quidem
526 3266 650 3338 animae
671 3287 749 3357 quae
770 3287 848 3339 non
871 3268 1017 3362 poliunt
1037 3270 1119 3349 fieri

55 3374 202 3450 alterius
216 3379 338 3461 caput,
364 3364 425 3438 sed
438 3362 518 3458 ipsae
533 3361 770 3438 subditaesunt
783 3367 858 3439 aliis
875 3371 978 3442 velut
992 3374 1121 3464 capiti:

55 3494 144 3568 quas
159 3469 326 3545 mulieres
342 3465 568 3556 nominavit,
595 3485 674 3556 quae
694 3466 819 3554 utique
833 3486 918 3557 ¹non
938 3469 1122 3547 adducun.

53 3586 116 3667 tur
132 3567 170 3645 in
186 3585 375 3641 numerum
392 3565 492 3638 illum
508 3565 567 3655 qui
584 3584 605 3636 a
621 3563 708 3636 Deo
735 3566 965 3661 praecipitur,
988 3563 1047 3642 sed
1066 3554 1126 3649 rui:
1155 3568 1163 3583 ’“

1 3712 3 3716 ·
53 3672 122 3750 soli
146 3677 379 3742 numerantur
412 3663 473 3756 qui
498 3665 566 3737 viri
592 3663 838 3757 appellantur,
876 3685 950 3755 quo
983 3666 1124 3746 scilicet

56 3769 307 3851 ostenderetur
332 3784 411 3840 non
447 3783 507 3839 eas
532 3760 634 3861 poise
664 3761 888 3840 extrinsecus
912 3772 1119 3868 numerari,

909 3944 917 3953 „
1006 3861 1068 3942 sed
