<?xml version="1.0" encoding="UTF-8"?>
<!DOCTYPE html PUBLIC "-//W3C//DTD XHTML 1.0 Transitional//EN"
    "http://www.w3.org/TR/xhtml1/DTD/xhtml1-transitional.dtd">
<html xmlns="http://www.w3.org/1999/xhtml" xml:lang="en" lang="en">
 <head>
  <title>
</title>
<meta http-equiv="Content-Type" content="text/html;charset=utf-8" />
  <meta name='ocr-system' content='tesseract 3.04.00' />
  <meta name='ocr-capabilities' content='ocr_page ocr_carea ocr_par ocr_line ocrx_word'/>
</head>
<body>
  <div class='ocr_page' id='page_1' title='image "./operaomniasanct08unkngoog_0317.png"; bbox 0 0 2498 4254; ppageno 0'>
   <div class='ocr_carea' id='block_1_1' title="bbox 272 135 1145 257">
    <p class='ocr_par' dir='ltr' id='par_1_1' title="bbox 272 135 1145 257">
     <span class='ocr_line' id='line_1_1' title="bbox 272 135 1145 257; baseline 0.01 -24"><span class='ocrx_word' id='word_1_1' title='bbox 272 150 349 233; x_wconf 86' lang='lat' dir='ltr'>DE</span> <span class='ocrx_word' id='word_1_2' title='bbox 396 135 728 248; x_wconf 73' lang='lat' dir='ltr'>PRIN&#39;CIPIIS,</span> <span class='ocrx_word' id='word_1_3' title='bbox 775 148 966 234; x_wconf 75' lang='lat' dir='ltr'>trum</span> <span class='ocrx_word' id='word_1_4' title='bbox 1073 164 1145 257; x_wconf 79' lang='lat'>285</span> 
     </span>
    </p>
   </div>
   <div class='ocr_carea' id='block_1_2' title="bbox 59 312 1169 2573">
    <p class='ocr_par' dir='ltr' id='par_1_2' title="bbox 59 312 1169 2573">
     <span class='ocr_line' id='line_1_2' title="bbox 87 312 1146 410; baseline -0.002 -17"><span class='ocrx_word' id='word_1_5' title='bbox 87 331 167 393; x_wconf 79' lang='lat' dir='ltr'>tate</span> <span class='ocrx_word' id='word_1_6' title='bbox 183 326 412 410; x_wconf 87' lang='lat' dir='ltr'>meruerunt,</span> <span class='ocrx_word' id='word_1_7' title='bbox 437 334 566 389; x_wconf 86' lang='lat' dir='ltr'>verum</span> <span class='ocrx_word' id='word_1_8' title='bbox 584 314 678 388; x_wconf 81' lang='lat' dir='ltr'>&amp;ab</span> <span class='ocrx_word' id='word_1_9' title='bbox 692 312 747 387; x_wconf 80' lang='lat' dir='ltr'>his</span> <span class='ocrx_word' id='word_1_10' title='bbox 760 314 899 409; x_wconf 74' lang='lat' dir='ltr'>quae&#39;ad·</span> <span class='ocrx_word' id='word_1_11' title='bbox 910 315 1024 389; x_wconf 85' lang='lat' dir='ltr'>totius</span> <span class='ocrx_word' id='word_1_12' title='bbox 1040 324 1146 391; x_wconf 62' lang='lat' dir='ltr'>mun*-</span> 
     </span>
     <span class='ocr_line' id='line_1_3' title="bbox 59 413 1169 507; baseline -0.003 -14"><span class='ocrx_word' id='word_1_13' title='bbox 59 462 63 472; x_wconf 94' lang='lat'>·</span> <span class='ocrx_word' id='word_1_14' title='bbox 90 420 128 493; x_wconf 91' lang='lat' dir='ltr'>di</span> <span class='ocrx_word' id='word_1_15' title='bbox 142 414 369 493; x_wconf 86' lang='lat' dir='ltr'>ministerium</span> <span class='ocrx_word' id='word_1_16' title='bbox 392 436 438 488; x_wconf 86' lang='lat' dir='ltr'>ex</span> <span class='ocrx_word' id='word_1_17' title='bbox 452 415 520 487; x_wconf 89' lang='lat' dir='ltr'>illis</span> <span class='ocrx_word' id='word_1_18' title='bbox 534 414 773 507; x_wconf 84' lang='lat' dir='ltr'>superioribus</span> <span class='ocrx_word' id='word_1_19' title='bbox 794 413 1076 489; x_wconf 80' lang='lat' dir='ltr'>&amp;invisrbilibus</span> <span class='ocrx_word' id='word_1_20' title='bbox 1098 414 1169 490; x_wconf 79' lang='lat' dir='ltr'>arl&#39;</span> 
     </span>
     <span class='ocr_line' id='line_1_4' title="bbox 87 510 1145 607; baseline -0.004 -15"><span class='ocrx_word' id='word_1_21' title='bbox 87 518 167 592; x_wconf 86' lang='lat' dir='ltr'>baec</span> <span class='ocrx_word' id='word_1_22' title='bbox 183 516 355 601; x_wconf 85' lang='lat' dir='ltr'>inferiora</span> <span class='ocrx_word' id='word_1_23' title='bbox 370 512 409 586; x_wconf 78' lang='lat' dir='ltr'>bc</span> <span class='ocrx_word' id='word_1_24' title='bbox 422 513 570 589; x_wconf 83' lang='lat' dir='ltr'>vifibilie</span> <span class='ocrx_word' id='word_1_25' title='bbox 587 512 743 587; x_wconf 77' lang='lat' dir='ltr'>deduilae</span> <span class='ocrx_word' id='word_1_26' title='bbox 755 510 856 607; x_wconf 90' lang='lat' dir='ltr'>sunt,</span> <span class='ocrx_word' id='word_1_27' title='bbox 880 515 968 587; x_wconf 90' lang='lat' dir='ltr'>licet</span> <span class='ocrx_word' id='word_1_28' title='bbox 981 536 1059 589; x_wconf 91' lang='lat' dir='ltr'>non</span> <span class='ocrx_word' id='word_1_29' title='bbox 1074 536 1145 588; x_wconf 89' lang='lat' dir='ltr'>vo·</span> 
     </span>
     <span class='ocr_line' id='line_1_5' title="bbox 88 610 1143 713; baseline -0.003 -23"><span class='ocrx_word' id='word_1_30' title='bbox 88 618 206 691; x_wconf 89' lang='lat' dir='ltr'>lentes</span> <span class='ocrx_word' id='word_1_31' title='bbox 222 639 235 705; x_wconf 81' lang='lat'>3</span> <span class='ocrx_word' id='word_1_32' title='bbox 260 619 408 687; x_wconf 76' lang='lat' dir='ltr'><em>vanitati</em></span> <span class='ocrx_word' id='word_1_33' title='bbox 427 620 539 713; x_wconf 77' lang='lat' dir='ltr'>quippe</span> <span class='ocrx_word' id='word_1_34' title='bbox 555 610 701 685; x_wconf 82' lang='lat' dir='ltr'>creatura</span> <span class='ocrx_word' id='word_1_35' title='bbox 713 612 855 709; x_wconf 76' lang='lat' dir='ltr'>lubjeila</span> <span class='ocrx_word' id='word_1_36' title='bbox 870 615 911 709; x_wconf 75' lang='lat' dir='ltr'>eft</span> <span class='ocrx_word' id='word_1_37' title='bbox 925 638 992 685; x_wconf 79' lang='lat' dir='ltr'>nort</span> <span class='ocrx_word' id='word_1_38' title='bbox 1015 616 1143 704; x_wconf 71' lang='lat' dir='ltr'>volam,</span> 
     </span>
     <span class='ocr_line' id='line_1_6' title="bbox 82 712 1144 815; baseline 0.002 -28"><span class='ocrx_word' id='word_1_39' title='bbox 82 718 139 808; x_wconf 77' lang='lat' dir='ltr'>sed</span> <span class='ocrx_word' id='word_1_40' title='bbox 154 732 281 813; x_wconf 82' lang='lat' dir='ltr'>propter</span> <span class='ocrx_word' id='word_1_41' title='bbox 297 738 366 783; x_wconf 80' lang='lat' dir='ltr'>eum</span> <span class='ocrx_word' id='word_1_42' title='bbox 385 719 443 813; x_wconf 82' lang='lat' dir='ltr'>qui</span> <span class='ocrx_word' id='word_1_43' title='bbox 456 715 587 813; x_wconf 72' lang='lat' dir='ltr'>subjecit</span> <span class='ocrx_word' id='word_1_44' title='bbox 604 719 640 783; x_wconf 82' lang='lat' dir='ltr'>in</span> <span class='ocrx_word' id='word_1_45' title='bbox 653 714 727 809; x_wconf 80' lang='lat' dir='ltr'>spe,</span> <span class='ocrx_word' id='word_1_46' title='bbox 751 732 821 805; x_wconf 83' lang='lat' dir='ltr'>qua</span> <span class='ocrx_word' id='word_1_47' title='bbox 835 714 897 785; x_wconf 86' lang='lat' dir='ltr'>vel</span> <span class='ocrx_word' id='word_1_48' title='bbox 912 712 985 810; x_wconf 88' lang='lat' dir='ltr'>sol,</span> <span class='ocrx_word' id='word_1_49' title='bbox 1010 714 1072 787; x_wconf 87' lang='lat' dir='ltr'>vel</span> <span class='ocrx_word' id='word_1_50' title='bbox 1090 717 1144 815; x_wconf 71' lang='lat' dir='ltr'>lu·</span> 
     </span>
     <span class='ocr_line' id='line_1_7' title="bbox 85 810 1144 909; baseline -0.002 -20"><span class='ocrx_word' id='word_1_51' title='bbox 85 834 156 906; x_wconf 80' lang='lat' dir='ltr'>na,</span> <span class='ocrx_word' id='word_1_52' title='bbox 182 814 244 887; x_wconf 90' lang='lat' dir='ltr'>vel</span> <span class='ocrx_word' id='word_1_53' title='bbox 259 812 385 905; x_wconf 84' lang='lat' dir='ltr'>stellae,</span> <span class='ocrx_word' id='word_1_54' title='bbox 413 814 472 885; x_wconf 87' lang='lat' dir='ltr'>vel</span> <span class='ocrx_word' id='word_1_55' title='bbox 485 813 600 909; x_wconf 84' lang='lat' dir='ltr'>angeli</span> <span class='ocrx_word' id='word_1_56' title='bbox 613 812 802 907; x_wconf 82' lang='lat' dir='ltr'>explerent</span> <span class='ocrx_word' id='word_1_57' title='bbox 818 810 1025 904; x_wconf 82' lang='lat' dir='ltr'>obsequium</span> <span class='ocrx_word' id='word_1_58' title='bbox 1040 832 1144 887; x_wconf 88' lang='lat' dir='ltr'>mun·</span> 
     </span>
     <span class='ocr_line' id='line_1_8' title="bbox 88 910 1143 1007; baseline -0.002 -20"><span class='ocrx_word' id='word_1_59' title='bbox 88 915 162 1007; x_wconf 85' lang='lat' dir='ltr'>dn,</span> <span class='ocrx_word' id='word_1_60' title='bbox 189 913 223 985; x_wconf 89' lang='lat'>&amp;</span> <span class='ocrx_word' id='word_1_61' title='bbox 241 912 295 984; x_wconf 89' lang='lat' dir='ltr'>his</span> <span class='ocrx_word' id='word_1_62' title='bbox 311 913 489 985; x_wconf 80' lang='lat' dir='ltr'><strong>animabus</strong></span> <span class='ocrx_word' id='word_1_63' title='bbox 505 912 650 1005; x_wconf 82' lang='lat' dir='ltr'>quaeob</span> <span class='ocrx_word' id='word_1_64' title='bbox 668 911 799 985; x_wconf 86' lang='lat' dir='ltr'>nimios</span> <span class='ocrx_word' id='word_1_65' title='bbox 818 910 974 985; x_wconf 71' lang='lat' dir='ltr'>deieilur</span> <span class='ocrx_word' id='word_1_66' title='bbox 989 914 1143 1007; x_wconf 70' lang='lat' dir='ltr'>mentis,</span> 
     </span>
     <span class='ocr_line' id='line_1_9' title="bbox 87 1009 1144 1106; baseline 0 -20"><span class='ocrx_word' id='word_1_67' title='bbox 87 1012 310 1086; x_wconf 82' lang='lat' dir='ltr'>craffioribus</span> <span class='ocrx_word' id='word_1_68' title='bbox 323 1010 395 1083; x_wconf 81' lang='lat' dir='ltr'>istis</span> <span class='ocrx_word' id='word_1_69' title='bbox 411 1011 446 1084; x_wconf 77' lang='lat' dir='ltr'>bc</span> <span class='ocrx_word' id='word_1_70' title='bbox 462 1009 688 1083; x_wconf 84' lang='lat' dir='ltr'>solidioribus</span> <span class='ocrx_word' id='word_1_71' title='bbox 705 1010 889 1106; x_wconf 88' lang='lat' dir='ltr'>indiguere</span> <span class='ocrx_word' id='word_1_72' title='bbox 904 1013 1144 1106; x_wconf 82' lang='lat' dir='ltr'>corporibus,</span> 
     </span>
     <span class='ocr_line' id='line_1_10' title="bbox 87 1108 1144 1204; baseline 0.001 -20"><span class='ocrx_word' id='word_1_73' title='bbox 87 1112 125 1184; x_wconf 70' lang='grc' dir='ltr'>ὰ</span> <span class='ocrx_word' id='word_1_74' title='bbox 142 1124 292 1204; x_wconf 88' lang='lat' dir='ltr'>propter</span> <span class='ocrx_word' id='word_1_75' title='bbox 308 1132 372 1183; x_wconf 81' lang='lat' dir='ltr'>eos</span> <span class='ocrx_word' id='word_1_76' title='bbox 388 1111 514 1202; x_wconf 86' lang='lat' dir='ltr'>quibus</span> <span class='ocrx_word' id='word_1_77' title='bbox 533 1111 607 1183; x_wconf 91' lang='lat' dir='ltr'>hoc</span> <span class='ocrx_word' id='word_1_78' title='bbox 624 1124 702 1184; x_wconf 83' lang='lat' dir='ltr'>erat</span> <span class='ocrx_word' id='word_1_79' title='bbox 716 1108 966 1204; x_wconf 85' lang='lat' dir='ltr'>neceilarium,</span> <span class='ocrx_word' id='word_1_80' title='bbox 991 1112 1144 1185; x_wconf 70' lang='lat' dir='ltr'>mundus</span> 
     </span>
     <span class='ocr_line' id='line_1_11' title="bbox 87 1206 1145 1307; baseline -0.001 -23"><span class='ocrx_word' id='word_1_81' title='bbox 87 1211 154 1284; x_wconf 90' lang='lat' dir='ltr'>iste</span> <span class='ocrx_word' id='word_1_82' title='bbox 174 1212 281 1283; x_wconf 88' lang='lat' dir='ltr'>etiam</span> <span class='ocrx_word' id='word_1_83' title='bbox 304 1208 445 1282; x_wconf 82' lang='lat' dir='ltr'>vilibilie</span> <span class='ocrx_word' id='word_1_84' title='bbox 465 1208 645 1283; x_wconf 87' lang='lat' dir='ltr'>institutus</span> <span class='ocrx_word' id='word_1_85' title='bbox 665 1208 726 1285; x_wconf 89' lang='lat' dir='ltr'>est.</span> <span class='ocrx_word' id='word_1_86' title='bbox 773 1206 831 1281; x_wconf 84' lang='lat' dir='ltr'>Ex</span> <span class='ocrx_word' id='word_1_87' title='bbox 849 1212 922 1282; x_wconf 93' lang='lat' dir='ltr'>hoc</span> <span class='ocrx_word' id='word_1_88' title='bbox 938 1231 1025 1307; x_wconf 85' lang='lat' dir='ltr'>ergo</span> <span class='ocrx_word' id='word_1_89' title='bbox 1046 1232 1145 1283; x_wconf 90' lang='lat' dir='ltr'>com·</span> 
     </span>
     <span class='ocr_line' id='line_1_12' title="bbox 87 1305 1145 1480; baseline -0.004 -95"><span class='ocrx_word' id='word_1_90' title='bbox 87 1310 245 1399; x_wconf 80' lang='lat' dir='ltr'>munitet</span> <span class='ocrx_word' id='word_1_91' title='bbox 267 1308 426 1382; x_wconf 86' lang='lat' dir='ltr'>omnium</span> <span class='ocrx_word' id='word_1_92' title='bbox 445 1330 511 1402; x_wconf 91' lang='lat' dir='ltr'>per</span> <span class='ocrx_word' id='word_1_93' title='bbox 525 1310 618 1382; x_wconf 81' lang='lat' dir='ltr'>hanc</span> <span class='ocrx_word' id='word_1_94' title='bbox 641 1305 927 1480; x_wconf 51' lang='lat' dir='ltr'>fignificantiam,</span> <span class='ocrx_word' id='word_1_95' title='bbox 952 1310 989 1382; x_wconf 91' lang='lat' dir='ltr'>id</span> <span class='ocrx_word' id='word_1_96' title='bbox 1009 1308 1061 1383; x_wconf 93' lang='lat' dir='ltr'>est</span> <span class='ocrx_word' id='word_1_97' title='bbox 1078 1326 1145 1403; x_wconf 90' lang='lat' dir='ltr'>per</span> 
     </span>
     <span class='ocr_line' id='line_1_13' title="bbox 88 1406 1145 1501; baseline -0.003 -16"><span class='ocrx_word' id='word_1_98' title='bbox 88 1408 314 1499; x_wconf 56' lang='lat' dir='ltr'>namuurum,</span> <span class='ocrx_word' id='word_1_99' title='bbox 345 1406 658 1501; x_wconf 82' lang='lat' dir='ltr'>asuperioribusa</span> <span class='ocrx_word' id='word_1_100' title='bbox 698 1408 870 1481; x_wconf 82' lang='lat' dir='ltr'>inferiora</span> <span class='ocrx_word' id='word_1_101' title='bbox 890 1409 1034 1482; x_wconf 89' lang='lat' dir='ltr'>videtur</span> <span class='ocrx_word' id='word_1_102' title='bbox 1053 1408 1145 1483; x_wconf 87' lang='lat' dir='ltr'>indi-</span> 
     </span>
     <span class='ocr_line' id='line_1_14' title="bbox 89 1505 1146 1607; baseline 0 -26"><span class='ocrx_word' id='word_1_103' title='bbox 89 1511 164 1581; x_wconf 86' lang='lat' dir='ltr'>cari</span> <span class='ocrx_word' id='word_1_104' title='bbox 179 1505 354 1581; x_wconf 76' lang='lat' dir='ltr'>deduilio.</span> <span class='ocrx_word' id='word_1_105' title='bbox 404 1506 511 1600; x_wconf 88' lang='lat' dir='ltr'>Spem</span> <span class='ocrx_word' id='word_1_106' title='bbox 522 1506 604 1581; x_wconf 89' lang='lat' dir='ltr'>sane</span> <span class='ocrx_word' id='word_1_107' title='bbox 616 1509 790 1582; x_wconf 85' lang='lat' dir='ltr'>libertatis</span> <span class='ocrx_word' id='word_1_108' title='bbox 804 1507 969 1607; x_wconf 62' lang='lat' dir='ltr'>universe</span> <span class='ocrx_word' id='word_1_109' title='bbox 981 1522 1146 1582; x_wconf 79' lang='lat' dir='ltr'>creatura</span> 
     </span>
     <span class='ocr_line' id='line_1_15' title="bbox 88 1604 1145 1779; baseline 0.005 -102"><span class='ocrx_word' id='word_1_110' title='bbox 88 1607 184 1779; x_wconf 50' lang='lat' dir='ltr'>{erit</span> <span class='ocrx_word' id='word_1_111' title='bbox 198 1620 241 1679; x_wconf 90' lang='lat' dir='ltr'>ut</span> <span class='ocrx_word' id='word_1_112' title='bbox 258 1604 473 1680; x_wconf 83' lang='lat' dir='ltr'>aservitutis</span> <span class='ocrx_word' id='word_1_113' title='bbox 496 1608 733 1699; x_wconf 89' lang='lat' dir='ltr'>corruptione</span> <span class='ocrx_word' id='word_1_114' title='bbox 748 1608 950 1701; x_wconf 89' lang='lat' dir='ltr'>liberetur,</span> <span class='ocrx_word' id='word_1_115' title='bbox 973 1628 1065 1681; x_wconf 33' lang='lat' dir='ltr'>*curn</span> <span class='ocrx_word' id='word_1_116' title='bbox 1079 1604 1145 1681; x_wconf 90' lang='lat' dir='ltr'>filii</span> 
     </span>
     <span class='ocr_line' id='line_1_16' title="bbox 130 1705 1144 1799; baseline 0 -21"><span class='ocrx_word' id='word_1_117' title='bbox 130 1708 163 1778; x_wconf 92' lang='lat' dir='ltr'>ei</span> <span class='ocrx_word' id='word_1_118' title='bbox 178 1707 238 1797; x_wconf 93' lang='lat' dir='ltr'>qui</span> <span class='ocrx_word' id='word_1_119' title='bbox 252 1707 313 1778; x_wconf 91' lang='lat' dir='ltr'>vel</span> <span class='ocrx_word' id='word_1_120' title='bbox 326 1706 503 1799; x_wconf 87' lang='lat' dir='ltr'>prolaplr,</span> <span class='ocrx_word' id='word_1_121' title='bbox 528 1708 591 1780; x_wconf 89' lang='lat' dir='ltr'>vel</span> <span class='ocrx_word' id='word_1_122' title='bbox 607 1705 745 1798; x_wconf 82' lang='lat' dir='ltr'>dispersi</span> <span class='ocrx_word' id='word_1_123' title='bbox 765 1705 866 1798; x_wconf 85' lang='lat' dir='ltr'>sunt,</span> <span class='ocrx_word' id='word_1_124' title='bbox 892 1706 929 1777; x_wconf 93' lang='lat' dir='ltr'>in</span> <span class='ocrx_word' id='word_1_125' title='bbox 941 1728 1051 1780; x_wconf 88' lang='lat' dir='ltr'>unum</span> <span class='ocrx_word' id='word_1_126' title='bbox 1066 1708 1144 1780; x_wconf 88' lang='lat' dir='ltr'>iue-</span> 
     </span>
     <span class='ocr_line' id='line_1_17' title="bbox 88 1800 1145 1902; baseline 0.002 -25"><span class='ocrx_word' id='word_1_127' title='bbox 88 1807 163 1877; x_wconf 90' lang='lat' dir='ltr'>rint</span> <span class='ocrx_word' id='word_1_128' title='bbox 184 1806 412 1902; x_wconf 85' lang='lat' dir='ltr'>congregati,</span> <span class='ocrx_word' id='word_1_129' title='bbox 444 1806 505 1878; x_wconf 86' lang='lat' dir='ltr'>vel</span> <span class='ocrx_word' id='word_1_130' title='bbox 528 1826 610 1879; x_wconf 86' lang='lat' dir='ltr'>curn</span> <span class='ocrx_word' id='word_1_131' title='bbox 628 1818 755 1878; x_wconf 83' lang='lat' dir='ltr'>caetera</span> <span class='ocrx_word' id='word_1_132' title='bbox 777 1800 894 1877; x_wconf 87' lang='lat' dir='ltr'>officia</span> <span class='ocrx_word' id='word_1_133' title='bbox 915 1807 1145 1899; x_wconf 86' lang='lat' dir='ltr'>expleverint</span> 
     </span>
     <span class='ocr_line' id='line_1_18' title="bbox 89 1902 1145 2001; baseline 0 -24"><span class='ocrx_word' id='word_1_134' title='bbox 89 1904 213 1977; x_wconf 90' lang='lat' dir='ltr'>inhoc</span> <span class='ocrx_word' id='word_1_135' title='bbox 231 1903 389 1997; x_wconf 87' lang='lat' dir='ltr'>mundo,</span> <span class='ocrx_word' id='word_1_136' title='bbox 415 1923 492 1994; x_wconf 88' lang='lat' dir='ltr'>quae</span> <span class='ocrx_word' id='word_1_137' title='bbox 513 1903 608 1976; x_wconf 89' lang='lat' dir='ltr'>solus</span> <span class='ocrx_word' id='word_1_138' title='bbox 632 1902 819 2001; x_wconf 85' lang='lat' dir='ltr'>cognoscit</span> <span class='ocrx_word' id='word_1_139' title='bbox 833 1904 993 1979; x_wconf 87' lang='lat' dir='ltr'>omnium</span> <span class='ocrx_word' id='word_1_140' title='bbox 1013 1904 1145 1977; x_wconf 84' lang='lat' dir='ltr'>artifex</span> 
     </span>
     <span class='ocr_line' id='line_1_19' title="bbox 89 2000 1146 2097; baseline 0 -20"><span class='ocrx_word' id='word_1_141' title='bbox 89 2002 203 2078; x_wconf 87' lang='lat' dir='ltr'>Deus.</span> <span class='ocrx_word' id='word_1_142' title='bbox 255 2000 383 2076; x_wconf 85' lang='lat' dir='ltr'>Talem</span> <span class='ocrx_word' id='word_1_143' title='bbox 398 2020 517 2095; x_wconf 91' lang='lat' dir='ltr'>vero,</span> <span class='ocrx_word' id='word_1_144' title='bbox 543 2016 734 2076; x_wconf 76' lang='lat' dir='ltr'>retentum</span> <span class='ocrx_word' id='word_1_145' title='bbox 746 2001 943 2097; x_wconf 87' lang='lat' dir='ltr'>putandum</span> <span class='ocrx_word' id='word_1_146' title='bbox 956 2001 1146 2086; x_wconf 69' lang='lat' dir='ltr'>estfactum</span> 
     </span>
     <span class='ocr_line' id='line_1_20' title="bbox 90 2100 1145 2196; baseline 0.001 -21"><span class='ocrx_word' id='word_1_147' title='bbox 90 2100 161 2175; x_wconf 84' lang='lat' dir='ltr'>elle</span> <span class='ocrx_word' id='word_1_148' title='bbox 174 2102 366 2196; x_wconf 87' lang='lat' dir='ltr'>mundum,</span> <span class='ocrx_word' id='word_1_149' title='bbox 393 2101 454 2193; x_wconf 91' lang='lat' dir='ltr'>qui</span> <span class='ocrx_word' id='word_1_150' title='bbox 470 2103 532 2174; x_wconf 91' lang='lat' dir='ltr'>vel</span> <span class='ocrx_word' id='word_1_151' title='bbox 554 2122 679 2175; x_wconf 83' lang='lat' dir='ltr'>omnes</span> <span class='ocrx_word' id='word_1_152' title='bbox 696 2124 756 2176; x_wconf 83' lang='lat' dir='ltr'>eas</span> <span class='ocrx_word' id='word_1_153' title='bbox 771 2102 903 2177; x_wconf 76' lang='lat' dir='ltr'>utimar</span> <span class='ocrx_word' id='word_1_154' title='bbox 924 2122 1001 2194; x_wconf 86' lang='lat' dir='ltr'>quae</span> <span class='ocrx_word' id='word_1_155' title='bbox 1013 2102 1051 2175; x_wconf 93' lang='lat' dir='ltr'>in</span> <span class='ocrx_word' id='word_1_156' title='bbox 1069 2102 1145 2175; x_wconf 89' lang='lat' dir='ltr'>hoe</span> 
     </span>
     <span class='ocr_line' id='line_1_21' title="bbox 88 2199 1144 2297; baseline 0.001 -22"><span class='ocrx_word' id='word_1_157' title='bbox 88 2202 226 2276; x_wconf 83' lang='lat' dir='ltr'>mundo</span> <span class='ocrx_word' id='word_1_158' title='bbox 239 2200 376 2274; x_wconf 86' lang='lat' dir='ltr'>statutae</span> <span class='ocrx_word' id='word_1_159' title='bbox 384 2199 464 2273; x_wconf 89' lang='lat' dir='ltr'>sunt</span> <span class='ocrx_word' id='word_1_160' title='bbox 477 2202 655 2295; x_wconf 83' lang='lat' dir='ltr'>exerceri,</span> <span class='ocrx_word' id='word_1_161' title='bbox 682 2215 846 2297; x_wconf 86' lang='lat' dir='ltr'>caperet,</span> <span class='ocrx_word' id='word_1_162' title='bbox 872 2203 1068 2275; x_wconf 84' lang='lat' dir='ltr'>velomnes</span> <span class='ocrx_word' id='word_1_163' title='bbox 1083 2222 1144 2276; x_wconf 78' lang='lat' dir='ltr'>eos</span> 
     </span>
     <span class='ocr_line' id='line_1_22' title="bbox 90 2298 1144 2397; baseline -0.001 -22"><span class='ocrx_word' id='word_1_164' title='bbox 90 2300 248 2375; x_wconf 88' lang='lat' dir='ltr'>virtutes</span> <span class='ocrx_word' id='word_1_165' title='bbox 266 2321 343 2391; x_wconf 83' lang='lat' dir='ltr'>quae</span> <span class='ocrx_word' id='word_1_166' title='bbox 358 2298 471 2373; x_wconf 83' lang='lat' dir='ltr'>adellc</span> <span class='ocrx_word' id='word_1_167' title='bbox 488 2301 562 2397; x_wconf 80' lang='lat' dir='ltr'>eie,</span> <span class='ocrx_word' id='word_1_168' title='bbox 588 2300 624 2373; x_wconf 75' lang='lat' dir='ltr'>n</span> <span class='ocrx_word' id='word_1_169' title='bbox 640 2299 834 2394; x_wconf 84' lang='lat' dir='ltr'>dispensare</span> <span class='ocrx_word' id='word_1_170' title='bbox 850 2320 934 2395; x_wconf 80' lang='lat' dir='ltr'>eas,</span> <span class='ocrx_word' id='word_1_171' title='bbox 959 2301 1144 2393; x_wconf 67' lang='lat' dir='ltr'>acinum</span> 
     </span>
     <span class='ocr_line' id='line_1_23' title="bbox 90 2396 1144 2498; baseline 0.003 -26"><span class='ocrx_word' id='word_1_172' title='bbox 90 2412 222 2495; x_wconf 85' lang='lat' dir='ltr'>paratae</span> <span class='ocrx_word' id='word_1_173' title='bbox 237 2397 328 2475; x_wconf 90' lang='lat' dir='ltr'>sunt.</span> <span class='ocrx_word' id='word_1_174' title='bbox 378 2398 495 2475; x_wconf 86' lang='lat' dir='ltr'>Unius</span> <span class='ocrx_word' id='word_1_175' title='bbox 516 2420 669 2498; x_wconf 84' lang='lat' dir='ltr'>namque</span> <span class='ocrx_word' id='word_1_176' title='bbox 690 2416 828 2476; x_wconf 76' lang='lat' dir='ltr'>nature</span> <span class='ocrx_word' id='word_1_177' title='bbox 844 2396 915 2473; x_wconf 83' lang='lat' dir='ltr'>elle</span> <span class='ocrx_word' id='word_1_178' title='bbox 938 2420 1064 2475; x_wconf 85' lang='lat' dir='ltr'>omnes</span> <span class='ocrx_word' id='word_1_179' title='bbox 1088 2418 1144 2475; x_wconf 84' lang='lat' dir='ltr'>re·</span> 
     </span>
     <span class='ocr_line' id='line_1_24' title="bbox 977 2502 1096 2573; baseline 0 0"><span class='ocrx_word' id='word_1_180' title='bbox 977 2502 1096 2573; x_wconf 82' lang='lat' dir='ltr'>tione·</span> 
     </span>
    </p>
   </div>
   <div class='ocr_carea' id='block_1_3' title="bbox 84 2692 1209 4013">
    <p class='ocr_par' dir='ltr' id='par_1_3' title="bbox 84 2692 1209 4013">
     <span class='ocr_line' id='line_1_25' title="bbox 87 2692 1144 2797; baseline -0.002 -26"><span class='ocrx_word' id='word_1_181' title='bbox 87 2713 204 2793; x_wconf 75' lang='lat' dir='ltr'>grata,</span> <span class='ocrx_word' id='word_1_182' title='bbox 228 2714 267 2769; x_wconf 88' lang='lat' dir='ltr'>ur</span> <span class='ocrx_word' id='word_1_183' title='bbox 283 2712 376 2769; x_wconf 73' lang='lat' dir='ltr'>tanto</span> <span class='ocrx_word' id='word_1_184' title='bbox 388 2710 521 2795; x_wconf 81' lang='lat' dir='ltr'>tempore</span> <span class='ocrx_word' id='word_1_185' title='bbox 532 2701 571 2769; x_wconf 79' lang='lat' dir='ltr'>iri</span> <span class='ocrx_word' id='word_1_186' title='bbox 579 2700 715 2795; x_wconf 80' lang='lat' dir='ltr'>suscepto</span> <span class='ocrx_word' id='word_1_187' title='bbox 728 2694 830 2787; x_wconf 83' lang='lat' dir='ltr'>officio</span> <span class='ocrx_word' id='word_1_188' title='bbox 842 2698 1050 2797; x_wconf 75' lang='lat' dir='ltr'>perseverent.</span> <span class='ocrx_word' id='word_1_189' title='bbox 1092 2692 1144 2769; x_wconf 86' lang='lat' dir='ltr'>Et</span> 
     </span>
     <span class='ocr_line' id='line_1_26' title="bbox 91 2798 1143 2896; baseline -0.002 -26"><span class='ocrx_word' id='word_1_190' title='bbox 91 2799 232 2874; x_wconf 85' lang='lat' dir='ltr'>iterum.</span> <span class='ocrx_word' id='word_1_191' title='bbox 283 2798 338 2869; x_wconf 78' lang='lat' dir='ltr'>Ex</span> <span class='ocrx_word' id='word_1_192' title='bbox 353 2822 412 2896; x_wconf 86' lang='lat' dir='ltr'>quo</span> <span class='ocrx_word' id='word_1_193' title='bbox 425 2800 574 2895; x_wconf 77' lang='lat' dir='ltr'>sequirur</span> <span class='ocrx_word' id='word_1_194' title='bbox 589 2816 627 2869; x_wconf 85' lang='lat' dir='ltr'>ur</span> <span class='ocrx_word' id='word_1_195' title='bbox 646 2800 682 2869; x_wconf 75' lang='lat' dir='ltr'>u»</span> <span class='ocrx_word' id='word_1_196' title='bbox 695 2804 804 2869; x_wconf 80' lang='lat' dir='ltr'>varior</span> <span class='ocrx_word' id='word_1_197' title='bbox 823 2816 925 2871; x_wconf 84' lang='lat' dir='ltr'>morus</span> <span class='ocrx_word' id='word_1_198' title='bbox 936 2802 1025 2869; x_wconf 83' lang='lat' dir='ltr'>varii</span> <span class='ocrx_word' id='word_1_199' title='bbox 1035 2820 1143 2868; x_wconf 81' lang='lat' dir='ltr'>creen-</span> 
     </span>
     <span class='ocr_line' id='line_1_27' title="bbox 90 2897 1209 2997; baseline -0.002 -28"><span class='ocrx_word' id='word_1_200' title='bbox 90 2914 147 2970; x_wconf 79' lang='lat' dir='ltr'>tur</span> <span class='ocrx_word' id='word_1_201' title='bbox 166 2899 206 2974; x_wconf 64' lang='grc' dir='ltr'><strong><em>ὅ</em></strong></span> <span class='ocrx_word' id='word_1_202' title='bbox 225 2900 337 2968; x_wconf 81' lang='lat' dir='ltr'>mundi</span> <span class='ocrx_word' id='word_1_203' title='bbox 349 2949 359 2983; x_wconf 96' lang='lat'>‚</span> <span class='ocrx_word' id='word_1_204' title='bbox 384 2904 423 2975; x_wconf 79' lang='grc' dir='ltr'>σ</span> <span class='ocrx_word' id='word_1_205' title='bbox 437 2898 501 2997; x_wconf 78' lang='lat' dir='ltr'>pofl</span> <span class='ocrx_word' id='word_1_206' title='bbox 522 2903 606 2968; x_wconf 79' lang='lat' dir='ltr'>hune</span> <span class='ocrx_word' id='word_1_207' title='bbox 621 2922 710 2995; x_wconf 79' lang='lat' dir='ltr'>quem</span> <span class='ocrx_word' id='word_1_208' title='bbox 729 2899 918 2986; x_wconf 80' lang='lat' dir='ltr'>incolimur,</span> <span class='ocrx_word' id='word_1_209' title='bbox 943 2900 1028 2969; x_wconf 79' lang='lat' dir='ltr'>aliur</span> <span class='ocrx_word' id='word_1_210' title='bbox 1045 2897 1145 2967; x_wconf 63' lang='lat' dir='ltr'>mute</span> <span class='ocrx_word' id='word_1_211' title='bbox 1202 2908 1209 2927; x_wconf 82' lang='lat'><em>&#39;</em></span> 
     </span>
     <span class='ocr_line' id='line_1_28' title="bbox 90 2994 1144 3094; baseline 0.002 -25"><span class='ocrx_word' id='word_1_212' title='bbox 90 2995 252 3089; x_wconf 76' lang='lat' dir='ltr'>diffimilir</span> <span class='ocrx_word' id='word_1_213' title='bbox 269 2998 404 3069; x_wconf 78' lang='lat' dir='ltr'>mundus</span> <span class='ocrx_word' id='word_1_214' title='bbox 411 3000 490 3087; x_wconf 77' lang='lat' dir='ltr'>flur.</span> <span class='ocrx_word' id='word_1_215' title='bbox 542 3000 723 3094; x_wconf 78' lang='lat' dir='ltr'>Nullusque</span> <span class='ocrx_word' id='word_1_216' title='bbox 736 2998 820 3069; x_wconf 87' lang='lat' dir='ltr'>aliur</span> <span class='ocrx_word' id='word_1_217' title='bbox 833 2998 960 3093; x_wconf 74' lang='lat' dir='ltr'>diuerſss</span> <span class='ocrx_word' id='word_1_218' title='bbox 978 2996 1091 3092; x_wconf 77' lang='lat' dir='ltr'>cafibus</span> <span class='ocrx_word' id='word_1_219' title='bbox 1102 2994 1144 3071; x_wconf 65' lang='grc' dir='ltr'><strong><em>ὅ</em></strong></span> 
     </span>
     <span class='ocr_line' id='line_1_29' title="bbox 84 3093 1145 3196; baseline -0.001 -28"><span class='ocrx_word' id='word_1_220' title='bbox 84 3096 306 3196; x_wconf 66' lang='lat' dir='ltr'>profeiiibus,</span> <span class='ocrx_word' id='word_1_221' title='bbox 331 3093 371 3172; x_wconf 60' lang='grc' dir='ltr'>(Ἰ</span> <span class='ocrx_word' id='word_1_222' title='bbox 389 3098 442 3167; x_wconf 85' lang='lat' dir='ltr'>vel</span> <span class='ocrx_word' id='word_1_223' title='bbox 463 3102 625 3168; x_wconf 80' lang='lat' dir='ltr'>uirtutum</span> <span class='ocrx_word' id='word_1_224' title='bbox 642 3103 798 3193; x_wconf 70' lang='lat' dir='ltr'>premiis,</span> <span class='ocrx_word' id='word_1_225' title='bbox 823 3100 877 3169; x_wconf 84' lang='lat' dir='ltr'>vel</span> <span class='ocrx_word' id='word_1_226' title='bbox 893 3104 1050 3168; x_wconf 80' lang='lat' dir='ltr'>uitiorum</span> <span class='ocrx_word' id='word_1_227' title='bbox 1065 3096 1145 3193; x_wconf 70' lang='lat' dir='ltr'>sup·</span> 
     </span>
     <span class='ocr_line' id='line_1_30' title="bbox 88 3192 1145 3295; baseline -0.003 -27"><span class='ocrx_word' id='word_1_228' title='bbox 88 3199 215 3295; x_wconf 80' lang='lat' dir='ltr'>pliciis,</span> <span class='ocrx_word' id='word_1_229' title='bbox 240 3199 278 3274; x_wconf 66' lang='lat' dir='ltr'>(u</span> <span class='ocrx_word' id='word_1_230' title='bbox 297 3202 335 3266; x_wconf 85' lang='lat' dir='ltr'>in</span> <span class='ocrx_word' id='word_1_231' title='bbox 347 3201 521 3295; x_wconf 79' lang='lat' dir='ltr'>prasenti,</span> <span class='ocrx_word' id='word_1_232' title='bbox 554 3194 593 3273; x_wconf 65' lang='grc' dir='ltr'><em>θ</em></span> <span class='ocrx_word' id='word_1_233' title='bbox 610 3204 647 3267; x_wconf 82' lang='lat' dir='ltr'>in</span> <span class='ocrx_word' id='word_1_234' title='bbox 656 3198 776 3289; x_wconf 75' lang='lat' dir='ltr'>sutura</span> <span class='ocrx_word' id='word_1_235' title='bbox 791 3249 802 3284; x_wconf 95' lang='lat'>,</span> <span class='ocrx_word' id='word_1_236' title='bbox 833 3215 929 3294; x_wconf 81' lang='lat' dir='ltr'>arque</span> <span class='ocrx_word' id='word_1_237' title='bbox 949 3203 987 3267; x_wconf 82' lang='lat' dir='ltr'>in</span> <span class='ocrx_word' id='word_1_238' title='bbox 1005 3192 1145 3267; x_wconf 57' lang='lat' dir='ltr'>omniur</span> 
     </span>
     <span class='ocr_line' id='line_1_31' title="bbox 90 3292 1145 3395; baseline -0.002 -27"><span class='ocrx_word' id='word_1_239' title='bbox 90 3295 132 3375; x_wconf 66' lang='grc' dir='ltr'>θ’</span> <span class='ocrx_word' id='word_1_240' title='bbox 149 3313 255 3386; x_wconf 82' lang='lat' dir='ltr'>retro,</span> <span class='ocrx_word' id='word_1_241' title='bbox 280 3296 319 3372; x_wconf 64' lang='lat' dir='ltr'>ui</span> <span class='ocrx_word' id='word_1_242' title='bbox 328 3302 440 3393; x_wconf 84' lang='lat' dir='ltr'>priora</span> <span class='ocrx_word' id='word_1_243' title='bbox 463 3298 644 3392; x_wconf 76' lang='lat' dir='ltr'>temporibus</span> <span class='ocrx_word' id='word_1_244' title='bbox 650 3297 746 3395; x_wconf 68' lang='lat' dir='ltr'>peresi</span> <span class='ocrx_word' id='word_1_245' title='bbox 760 3302 871 3367; x_wconf 78' lang='lat' dir='ltr'>merita</span> <span class='ocrx_word' id='word_1_246' title='bbox 889 3296 1077 3392; x_wconf 82' lang='lat' dir='ltr'>dispensare,</span> <span class='ocrx_word' id='word_1_247' title='bbox 1102 3292 1145 3373; x_wconf 64' lang='grc' dir='ltr'><strong><em>ὰ</em></strong></span> 
     </span>
     <span class='ocr_line' id='line_1_32' title="bbox 89 3392 1143 3493; baseline -0.002 -24"><span class='ocrx_word' id='word_1_248' title='bbox 89 3399 130 3469; x_wconf 77' lang='lat' dir='ltr'>al</span> <span class='ocrx_word' id='word_1_249' title='bbox 146 3419 246 3467; x_wconf 84' lang='lat' dir='ltr'>uuum</span> <span class='ocrx_word' id='word_1_250' title='bbox 262 3402 385 3483; x_wconf 77' lang='lat' dir='ltr'>rurlirm</span> <span class='ocrx_word' id='word_1_251' title='bbox 397 3392 498 3488; x_wconf 79' lang='lat' dir='ltr'>finem</span> <span class='ocrx_word' id='word_1_252' title='bbox 514 3397 632 3468; x_wconf 73' lang='lat' dir='ltr'>cunila·</span> <span class='ocrx_word' id='word_1_253' title='bbox 640 3399 841 3493; x_wconf 81' lang='lat' dir='ltr'>pertrahere,</span> <span class='ocrx_word' id='word_1_254' title='bbox 866 3399 927 3487; x_wconf 73' lang='lat' dir='ltr'>ur&#39;ss</span> <span class='ocrx_word' id='word_1_255' title='bbox 937 3398 1023 3486; x_wconf 67' lang='lat' dir='ltr'>solur</span> <span class='ocrx_word' id='word_1_256' title='bbox 1039 3398 1143 3467; x_wconf 80' lang='lat' dir='ltr'>condi·</span> 
     </span>
     <span class='ocr_line' id='line_1_33' title="bbox 91 3498 1144 3596; baseline -0.004 -26"><span class='ocrx_word' id='word_1_257' title='bbox 91 3512 144 3570; x_wconf 78' lang='lat' dir='ltr'>tor</span> <span class='ocrx_word' id='word_1_258' title='bbox 164 3502 302 3568; x_wconf 81' lang='lat' dir='ltr'>emnium</span> <span class='ocrx_word' id='word_1_259' title='bbox 321 3502 432 3584; x_wconf 84' lang='lat' dir='ltr'>Deus,</span> <span class='ocrx_word' id='word_1_260' title='bbox 464 3502 520 3595; x_wconf 86' lang='lat' dir='ltr'>qui</span> <span class='ocrx_word' id='word_1_261' title='bbox 531 3500 594 3586; x_wconf 87' lang='lat' dir='ltr'>scit</span> <span class='ocrx_word' id='word_1_262' title='bbox 611 3500 717 3584; x_wconf 72' lang='lat' dir='ltr'>caustis</span> <span class='ocrx_word' id='word_1_263' title='bbox 734 3512 861 3592; x_wconf 78' lang='lat' dir='ltr'>propter</span> <span class='ocrx_word' id='word_1_264' title='bbox 878 3514 961 3596; x_wconf 82' lang='lat' dir='ltr'>quor·</span> <span class='ocrx_word' id='word_1_265' title='bbox 974 3498 1053 3568; x_wconf 84' lang='lat' dir='ltr'>alios</span> <span class='ocrx_word' id='word_1_266' title='bbox 1068 3518 1144 3595; x_wconf 73' lang='lat' dir='ltr'>prr-</span> 
     </span>
     <span class='ocr_line' id='line_1_34' title="bbox 92 3596 1143 3693; baseline 0.002 -26"><span class='ocrx_word' id='word_1_267' title='bbox 92 3602 208 3669; x_wconf 76' lang='lat' dir='ltr'>mr&#39;tlat</span> <span class='ocrx_word' id='word_1_268' title='bbox 224 3600 284 3688; x_wconf 85' lang='lat' dir='ltr'>suo</span> <span class='ocrx_word' id='word_1_269' title='bbox 303 3596 433 3693; x_wconf 75' lang='lat' dir='ltr'>perfrui</span> <span class='ocrx_word' id='word_1_270' title='bbox 448 3597 616 3667; x_wconf 80' lang='lat' dir='ltr'>voluntale</span> <span class='ocrx_word' id='word_1_271' title='bbox 633 3649 643 3683; x_wconf 94' lang='lat'>‚</span> <span class='ocrx_word' id='word_1_272' title='bbox 670 3600 708 3672; x_wconf 73' lang='lat' dir='ltr'><em>U</em></span> <span class='ocrx_word' id='word_1_273' title='bbox 732 3600 768 3665; x_wconf 73' lang='lat' dir='ltr'>de</span> <span class='ocrx_word' id='word_1_274' title='bbox 785 3598 953 3693; x_wconf 75' lang='lat' dir='ltr'>majoribus</span> <span class='ocrx_word' id='word_1_275' title='bbox 968 3598 1009 3669; x_wconf 77' lang='lat' dir='ltr'>ad</span> <span class='ocrx_word' id='word_1_276' title='bbox 1026 3597 1143 3669; x_wconf 76' lang='lat' dir='ltr'>ultime</span> 
     </span>
     <span class='ocr_line' id='line_1_35' title="bbox 92 3694 1144 3793; baseline -0.005 -22"><span class='ocrx_word' id='word_1_277' title='bbox 92 3698 209 3783; x_wconf 73' lang='lat' dir='ltr'>delabi,</span> <span class='ocrx_word' id='word_1_278' title='bbox 235 3701 312 3768; x_wconf 83' lang='lat' dir='ltr'>alios</span> <span class='ocrx_word' id='word_1_279' title='bbox 331 3703 465 3793; x_wconf 76' lang='lat' dir='ltr'>incipiat</span> <span class='ocrx_word' id='word_1_280' title='bbox 479 3698 624 3791; x_wconf 73' lang='lat' dir='ltr'>nistrare,</span> <span class='ocrx_word' id='word_1_281' title='bbox 649 3694 688 3772; x_wconf 63' lang='grc' dir='ltr'>θ</span> <span class='ocrx_word' id='word_1_282' title='bbox 702 3697 957 3793; x_wconf 71' lang='lat' dir='ltr'>gradatimquofi</span> <span class='ocrx_word' id='word_1_283' title='bbox 975 3697 1144 3767; x_wconf 77' lang='lat' dir='ltr'>manudu-</span> 
     </span>
     <span class='ocr_line' id='line_1_36' title="bbox 94 3794 1147 3893; baseline 0 -26"><span class='ocrx_word' id='word_1_284' title='bbox 94 3814 131 3868; x_wconf 83' lang='lat' dir='ltr'>ia</span> <span class='ocrx_word' id='word_1_285' title='bbox 143 3799 183 3867; x_wconf 78' lang='lat' dir='ltr'>ad</span> <span class='ocrx_word' id='word_1_286' title='bbox 191 3798 353 3893; x_wconf 79' lang='lat' dir='ltr'>pristinum</span> <span class='ocrx_word' id='word_1_287' title='bbox 368 3799 527 3868; x_wconf 80' lang='lat' dir='ltr'>retrabere</span> <span class='ocrx_word' id='word_1_288' title='bbox 533 3796 669 3893; x_wconf 75' lang='lat' dir='ltr'>flatum,</span> <span class='ocrx_word' id='word_1_289' title='bbox 694 3802 733 3871; x_wconf 73' lang='lat' dir='ltr'><em>U</em></span> <span class='ocrx_word' id='word_1_290' title='bbox 749 3802 786 3864; x_wconf 81' lang='lat' dir='ltr'>in</span> <span class='ocrx_word' id='word_1_291' title='bbox 798 3794 972 3881; x_wconf 53' lang='lat' dir='ltr'>[nilminus</span> <span class='ocrx_word' id='word_1_292' title='bbox 987 3796 1147 3875; x_wconf 65' lang='lat' dir='ltr'>collacare.</span> 
     </span>
     <span class='ocr_line' id='line_1_37' title="bbox 92 3892 915 4013; baseline 0.017 -38"><span class='ocrx_word' id='word_1_293' title='bbox 92 3894 267 3979; x_wconf 76' lang='lat' dir='ltr'>Vernos.</span> <span class='ocrx_word' id='word_1_294' title='bbox 276 3894 428 3981; x_wconf 77' lang='lat' dir='ltr'>Hieron.</span> <span class='ocrx_word' id='word_1_295' title='bbox 443 3892 849 4001; x_wconf 68' lang='lat' dir='ltr'>usspuuduuuu</span> <span class='ocrx_word' id='word_1_296' title='bbox 907 4005 915 4013; x_wconf 15' lang='grc' dir='ltr'>ᾗ</span> 
     </span>
    </p>
   </div>
   <div class='ocr_carea' id='block_1_4' title="bbox 0 0 1259 4254">
    <p class='ocr_par' dir='ltr' id='par_1_4' title="bbox 0 0 1259 4254">
     <span class='ocr_line' id='line_1_38' title="bbox 0 0 1259 4254; baseline 0 0"><span class='ocrx_word' id='word_1_297' title='bbox 0 0 1259 4254; x_wconf 95' lang='lat' dir='ltr'> </span> 
     </span>
    </p>
   </div>
  </div>
 </body>
</html>
