2498 4254
81 182 130 281 aa
404 179 814 273 onronurs

80 357 229 437 mittens
243 355 332 447 tuti
351 376 398 431 ne
415 358 526 449 majus
550 356 679 451 aliquid
697 357 731 430 da
748 354 893 429 inferius
906 354 945 429 in
961 353 997 430 se
1014 355 1155 443 habere

83 457 277 551 credatur,
302 454 362 530 sed
382 468 424 531 ut
436 458 478 530 sat
493 480 538 530 ex
552 459 649 531 omni
663 473 765 553 parte
782 482 902 545 μοιας,
928 454 1020 531 &ut
1033 456 1085 529 ita
1101 456 1156 535 di·

83 574 164 631 cam
182 550 270 635 tvae,
299 555 469 649 umens,
496 579 537 629 ac
561 557 645 630 fons
661 579 706 630 ex
721 576 795 648 quo
810 555 1076 645 initiumtotius
1097 558 1154 633 in·

31 690 36 700 ·
81 654 292 731 tellectualis
317 670 473 747 natura,
499 653 560 731 vel
592 658 719 731 mentis
752 653 814 735 est.
863 654 972 751 Mens
1020 674 1086 728 ero
1109 666 1156 729 ut

82 771 279 835 moveatur
294 757 353 828 vel
369 769 563 849 operetur,
589 778 665 829 non
685 754 822 850 indiget
833 754 921 826 loco
943 676 1154 847 dnum,

80 874 203 946 neque
215 852 361 929 senfibili
376 855 635 950 magnitudine,
649 856 712 928 vel
724 852 909 947 corporali
920 852 1064 947 babitu,
1089 856 1154 927 aut

78 955 236 1047 colore,
268 974 386 1045 neque
410 956 481 1028 alio
503 957 580 1028 ullo
603 952 747 1048 prorsus
765 953 901 1048 indiget
921 951 1052 1026 horum
1075 974 1155 1045 quae

81 1054 331 1146 corporisve]
343 1054 500 1128 materiae
511 1055 658 1149 propria
672 1052 762 1130 sunt.
811 1052 967 1145 Propter
978 1052 1078 1143 quod
1092 1074 1155 1125 na·

83 1162 167 1225 tura
187 1151 412 1249 illa‘srmplex
437 1153 471 1226 dr
491 1167 572 1227 tota
591 1176 691 1229 mens
715 1165 758 1226 ut
774 1164 968 1227 moveatur
987 1152 1049 1225 vel
1067 1171 1158 1244 ope·

82 1263 186 1327 tetur
201 1250 365 1344 aliquid3,
376 1252 465 1326 nihil
482 1254 664 1328 dilationis
685 1265 748 1327 aut
767 1248 1002 1325 cunctationis
1018 1250 1154 1325 habere

82 1348 229 1449 potest,
264 1371 312 1425 ne
333 1340 398 1445 p'er
416 1351 615 1445 hujusmodi
633 1351 894 1445 adjunctionem
915 1347 1155 1423 circumscribi

82 1449 146 1522 vel
169 1449 322 1524 inhiberi
345 1451 565 1543 aliquatenus
586 1452 751 1525 videatur
769 1450 899 1523 divinae
921 1462 1058 1523 naturae
1079 1448 1155 1523 linr-

79 1546 252 1645 plicitas,
284 1548 339 1622 uti
357 1569 404 1623 ne
421 1552 520 1643 quod
540 1550 592 1625 est
603 1552 822 1649 principium
843 1548 1028 1643 omnium,
1054 1569 1156 1627 conr·

82 1646 240 1745 positum
264 1649 471 1723 inveniatur
497 1650 532 1723 dr
555 1649 757 1743 diversum,
783 1648 819 1725 u
844 1648 886 1721 fit
911 1647 1049 1739 multa,
1076 1669 1155 1723 non

84 1764 222 1847 unum,
257 1744 355 1841 quod
381 1758 531 1843 oportet
555 1750 669 1823 totius
705 1768 891 1840 corporea
922 1746 1154 1821 admixtionis

85 1842 242 1921 alienum
259 1867 331 1920 una
346 1848 421 1921 sola
435 1844 498 1946 (ut
513 1851 563 1922 ita
583 1846 753 1933 dixerim)
773 1846 914 1921 deitatis
935 1843 1052 1937 specie
1064 1867 1155 1922 con·

81 1942 188 2031 stare.
245 1944 359 2043 Quod
375 1960 494 2022 autem
515 1971 615 2024 mens
636 1970 713 2023 non
734 1948 891 2043 indigeat
907 1945 1022 2038 loco,
1047 1958 1090 2017 ut
1105 1946 1157 2021 sc·

15 2080 25 2089 “
84 2046 243 2121 undum
264 2061 426 2121 naturam
451 2045 545 2121 suam
571 2061 787 2145 moveatur,
813 2059 950 2119 certum
975 2042 1026 2118 est
1048 2046 1157 2122 etiam

84 2164 133 2219 ex
150 2144 281 2217 nostrae
292 2146 421 2219 mentis
436 2148 754 2240 contemplatione.
804 2144 893 2219 Haec
908 2144 1003 2217 enim
1013 2141 1039 2216 si
1049 2144 1160 2220 insua

6 2288 14 2303 ·
83 2240 246 2318 mensura
255 2242 441 2339 consulat,
467 2266 535 2318 nec
552 2268 597 2320 ex
611 2247 770 2336 qualibet
783 2242 884 2317 causa
894 2242 1025 2335 aliquid
1041 2245 1075 2317 ei
1091 2246 1159 2331 obj-

83 2340 234 2415 tulionis
254 2343 423 2436 eveniat,
450 2344 537 2419 nihil
552 2366 707 2438 unquam
724 2368 769 2418 ex
790 2345 957 2417 locorum
975 2342 1161 2418 diversita-

85 2450 125 2514 te
149 2440 375 2534 tardabitur,
410 2446 600 2534 quominus
628 2442 694 2517 suis
719 2444 879 2519 moribus
906 2454 1007 2537 agat:
1037 2464 1158 2537 neque

83 2536 204 2615 rursus
219 2562 265 2614 ex
283 2543 452 2615 locorum
470 2545 638 2635 qualitate
657 2556 885 2641 augmentum
899 2539 1067 2634 aliquod,
1092 2544 1157 2619 vel
1191 2546 1195 2553 ’

84 2637 348 2715 incrementum
365 2642 574 2717 mobilitatis
590 2646 753 2735 acquirit.
805 2640 917 2742 Quod
935 2640 960 2714 sr
977 2638 1157 2719 obtendat

81 2736 211 2830 ,aliquis
238 2735 364 2834 (verbi
390 2740 522 2839 gratia)
550 2743 631 2835 quia
655 2740 905 2838 navigantibus
931 2739 965 2812 u
989 2738 1155 2817 nauibus

83 2838 191 2913 maris
206 2837 343 2931 Jadlatis
368 2840 483 2913 minus
503 2843 686 2935 aliquanto
706 2864 808 2917 mens
831 2841 953 2937 vigeat
972 2859 1075 2935 quam
1098 2840 1156 2933 vir·

82 2956 172 3111 gete
185 2937 225 3011 in
241 2939 345 3011 terris
367 2938 488 3017 solet:
521 2964 597 3023 non
614 2964 660 3019 ex
683 2943 757 3015 loci
777 2940 982 3015 diversrtate
1001 2938 1038 3011 id
1056 2942 1154 3037 pati,

82 3036 145 3111 'ed
168 3059 214 3110 ex
233 3039 397 3133 corporis
424 3042 673 3116 commotione
696 3042 756 3115 vel
780 3038 1061 3115 conturbatione
1078 3056 1156 3115 cre.

84 3132 240 3221 dendum
260 3136 334 3230 est,
362 3138 419 3212 cui
441 3161 541 3213 mens
565 3139 727 3234 adjuncta
748 3142 811 3217 vel
826 3137 955 3229 inserta
975 3137 1036 3214 est.
1087 3140 1159 3215 Vi·

84 3232 190 3313 detur
206 3237 300 3310 enirn
320 3238 413 3331 quasr
439 3253 568 3315 contra
581 3254 742 3317 naturam
762 3240 798 3317 in
820 3240 906 3312 mari
928 3240 1058 3335 degere
1073 3259 1156 3312 cor·

82 3352 151 3439 pus
174 3332 390 3430 humanum,
418 3336 452 3409 &
475 3352 672 3435 propterca
694 3340 798 3415 velut
823 3338 972 3432 quadam
997 3336 1046 3410 sui
1068 3339 1154 3411 inae·

81 3432 257 3609 quailtate
286 3452 409 3513 motus
427 3442 570 3517 ,mentis
601 3440 839 3537 incomposite
876 3437 1156 3530 inordinateque

96 3528 278 3627 uscipere,
311 3533 530 3611 &acuminis
553 3538 628 3633 ejus
650 3539 741 3615 illus
765 3537 939 3613 obtusiori
956 3536 1153 3613 ministerio

80 3628 300 3727 dispensare,
324 3655 404 3709 non
424 3638 539 3711 minus
556 3640 698 3731 quamlr
719 3640 780 3731 qui
798 3638 906 3713 etiam
919 3637 956 3709 in
973 3648 1070 3709 terra
1085 3659 1155 3730 po·

80 3728 136 3807 srti
157 3730 318 3807 febribus
342 3750 556 3832 urgeantur:
583 3758 735 3828 quorum
761 3750 900 3811 certum
926 3734 1100 3827 estquod
1125 3737 1153 3812 ss

80 3830 196 3903 minus
212 3832 344 3925 aliquid
358 3854 423 3929 per
437 3836 684 3937 vimlebrium
700 3859 800 3917 mens
816 3832 915 3919 suum
934 3856 1015 4011 Ἑρ
1030 3832 1154 3937 servet
