2498 4254
278 170 360 296 nr.
406 148 953 272 rariacn11's·,'ira1.
1094 196 1144 271 41

82 314 160 415 ¹l'm'e
175 334 318 430 dubio,
344 356 391 411 ex
407 356 476 429 qua
488 332 597 409 Filius
617 350 740 409 natus:
766 336 826 429 qui
841 358 906 431 per
924 336 1045 413 omnia
1060 339 1145 416 inra-

84 454 135 535 go
153 435 205 511 est
216 436 354 531 Patris,
381 438 511 531 procul
529 436 640 510 dubio
658 437 764 509 etiam
779 437 952 511 bonitatis
970 440 1045 531 ejus
1057 440 1146 515 con·

86 531 281 612 uenientes
304 539 421 633 imago
449 536 597 610 dicetur.
648 534 738 609 Non
763 538 857 609 eninr
880 538 945 610 alia
961 540 1076 631 aliqua
1094 538 1168 627 seq

85 636 204 709 cunda
218 636 362 709 bonitas
377 632 494 707 existit
508 636 545 708 in
561 634 654 709 Filio
679 646 807 728 prater
832 658 910 711 earn
932 659 1009 729 quae
1034 638 1084 711 est
1105 640 1144 713 in

65 756 69 761 ·
84 732 204 813 Patre.
256 734 365 807 Unde
379 734 420 807 da
434 730 530 807 retae
546 733 620 828 ipse
637 734 805 807 Salvator
821 735 857 808 in
873 732 1073 834 Evangelio
1094 736 1144 811 di·

87 835 141 907 cit
161 836 331 927 quoniam
344 858 430 905 nemo
448 835 545 904 lanus
559 835 621 929 nist
635 860 719 904 unus
739 839 827 906 Deus
846 840 964 906 Pater.-
991 858 1063 928 quo
1081 836 1144 911 sci·

87 933 176 1007 licet
191 955 258 1027 per
274 934 347 1007 hoc
370 934 587 1031 intelligatur
606 933 713 1009 Filius
733 955 808 1031 non
828 933 896 1007 eise
918 937 1061 1008 alterius
1078 937 1144 1008 bo-

86 1032 228 1107 nitatisr
254 1030 313 1105 sed
327 1030 548 1106 illiussolius
566 1036 696 1126 quaein
713 1032 818 1106 Patre
836 1034 903 1107 est:
932 1037 1030 1126 cujus
1046 1035 1145 1109 retle

86 1130 206 1229 imago
233 1135 451 1226 appellatur,
483 1134 564 1226 quia
586 1154 703 1227 neque
728 1134 869 1207 aliunde
893 1132 969 1227 est,
1001 1136 1064 1208 nisr
1098 1156 1144 1209 ex

87 1230 159 1327 ipsa
178 1232 365 1325 principali
387 1233 576 1307 bonitate:
601 1254 647 1306 ne
674 1234 784 1306 altera
807 1236 948 1308 bonitas
976 1257 1079 1326 quam
1101 1258 1143 1308 ea

68 1332 166 1421 'brtae
187 1331 225 1403 in
241 1328 347 1405 Patre
371 1330 440 1425 est,
465 1332 631 1405 videatur
654 1332 692 1404 in
714 1332 819 1406 Filio.
870 1332 1001 1426 Neque
1026 1326 1143 1427 aliqua

89 1428 348 1524 diffimilitudo,
375 1445 436 1503 aut
454 1430 613 1505 distantia
625 1432 797 1505 bonitatis
811 1432 848 1504 in
860 1432 953 1507 Filio
969 1430 1029 1508 est.
1055 1432 1144 1505 Pro-

88 1542 168 1623 pter
187 1528 288 1622 quod
304 1550 381 1603 non
396 1530 503 1603 debet
518 1532 622 1604 velut
635 1530 857 1627 blasphemia
870 1533 1014 1623 aliquod
1030 1530 1142 1629 genus¹

89 1630 206 1729 putari
230 1630 270 1702 in
294 1629 460 1723 eoquod
485 1628 614 1704 ditium
635 1629 702 1703 est:
730 1636 832 1705 Nem
856 1632 952 1703 boam
975 1634 1034 1728 nist
1059 1658 1145 1703 unus

89 1734 181 1801 oeus
200 1732 316 1801 Pater:
339 1740 382 1811 ut
400 1730 594 1825 propterea
606 1743 774 1825 putetur,
804 1732 862 1805 vel
879 1731 1057 1824 Christus,
1081 1730 1145 1805 vel

89 1826 240 1923 Spiritus
260 1826 397 1902 sandius
420 1832 542 1925 negari
564 1831 662 1921 quod
678 1832 796 1904 bonus
813 1831 877 1906 srt:
910 1829 968 1903 sed
985 1846 1026 1902 ut
1045 1832 1144 1925 supe·

91 1928 164 2001 tius
178 1928 348 2020 diximus,
375 1928 575 2022 principalis
591 1928 735 2007 bonitas
749 1930 785 2001 in
800 1930 886 2002 Deo
900 1927 1080 2002 sentienda
1093 1928 1144 2002 est

94 2040 195 2123 patre
224 2049 271 2101 ex
296 2038 370 2120 quo
396 2028 458 2101 vel
482 2026 575 2100 filius
602 2041 727 2122 natus,
755 2028 816 2102 v'el
833 2028 983 2122 Spiritus
1009 2027 1144 2101 santius

91 2126 314 2221 procedens,
346 2127 419 2200 fine
445 2126 556 2201 dubio
579 2127 751 2201 bonitatis
773 2128 847 2223 ejus
865 2140 1026 2201 naturam
1051 2127 1088 2199 in
1108 2126 1144 2205 se

91 2226 225 2320 refert,
252 2246 330 2318 quae
346 2224 396 2297 est
410 2227 503 2299 ineo
520 2228 624 2300 fonte
636 2228 681 2300 de
694 2248 767 2320 quo
782 2229 844 2301 vel
854 2242 957 2300 natus
973 2226 1022 2299 est
1034 2226 1144 2321 filius,

91 2328 151 2399 vel
167 2326 336 2421 procedit
353 2325 502 2420 Spiritus
523 2325 669 2402 imitus.
724 2328 802 2423 Jam
821 2346 914 2399 vero
938 2328 963 2401 ii
987 2348 1054 2419 qua
1077 2328 1144 2400 alia

90 2424 188 2499 bona
199 2425 238 2497 in
253 2421 432 2517 scripturis
451 2422 635 2520 dicuntarr,
660 2428 722 2499 vel
736 2427 899 2521 angelus,
927 2427 988 2499 vel
1006 2425 1142 2519 homo,

91 2526 151 2597 vel
167 2524 318 2615 servus,
344 2524 406 2597 vel
420 2524 628 2618 thesaurus,
660 2526 722 2598 vel
742 2546 808 2597 cor
820 2527 985 2618 bonum,
1011 2527 1072 2597 uel
1091 2547 1144 2597 ar·

91 2622 285 2715 borbona,
311 2623 386 2697 haec
402 2626 522 2697 omnia
537 2624 679 2699 abulivc
692 2626 880 2718 dicuntur,
907 2625 1142 2719 accidentem,

91 2742 165 2796 non
179 2720 441 2796 substantialem
457 2724 495 2797 in
505 2722 540 2797 se
556 2726 779 2797 continentia
787 2726 996 2799 bonitatem.
1048 2725 1144 2797 Mul·

93 2834 167 2897 tum
181 2833 302 2895 autem
318 2821 389 2915 est,
423 2822 616 2897 &alterius
637 2825 698 2897 vel
721 2824 840 2920 operis
861 2827 921 2898 vel
943 2824 1138 2917 temporis,

93 2942 316 3025 congregare
332 2942 457 2997 omnes
473 2920 536 2996 filii
548 2923 620 2997 Dei
625 2924 914 3095 appellationes:
940 2925 1144 3095 verbiscau·

656 3044 699 3115 ,5
1028 3044 1094 3115 a,

93 3194 195 3273 μω,
221 3194 282 3247 aar
295 3196 394 3247 aava
408 3196 496 3246 raro
515 3170 615 3257 Sacc,
638 3142 719 3245 dm
736 3170 760 3246 κ’
775 3188 853 3269 steps
871 3172 893 3245 l
909 3183 1000 3267 λεγει
1012 3166 1145 3257 edrard

94 3290 229 3371 χριςος.
256 3270 310 3347 t'ro
328 3296 567 3367 praenosces
580 3296 638 3347 cos
649 3297 745 3357 μονον
762 3270 921 3348 dautran
934 3275 1033 3347 θεον·
1058 3271 1145 3360 droa

96 3370 462 3547 rixoaa'pgdrornro„
491 3370 566 3447 o'm'
591 3370 647 3466 ἐχ
663 3368 708 3459 ῶς
729 3366 877 3472 ὅπατηρ
896 3372 1145 3474 &crepabunt-

96 3496 161 3560 τως
176 3499 252 3569 apo
283 3498 327 3559 ος.
379 3538 383 3545 .

98 3618 134 3698 dl
150 3596 316 3719 propterea
332 3624 439 3708 Deus,
451 3616 530 3691 “nm
542 3636 647 3691 tunm
660 3624 695 3689 'is
715 3623 749 3691 de
765 3646 825 3718 quo
847 3622 989 3717 Christro
1005 3624 1063 3719 ipse
1075 3624 1140 3692 cit:

99 3716 150 3792 Ut
166 3720 388 3819 cognoscant
406 3732 444 3793 te
456 3718 579 3793 *solum
596 3739 722 3794 vuum
742 3722 859 3795 Deum
877 3746 890 3811 3
919 3728 966 3791 ira
991 3723 1142 3791 lenitatis

105 3824 214 3915 imago,
236 3820 420 3895 nontam
433 3835 471 3893 ot
488 3825 602 3909 Pater,
618 3818 962 3919 fine-ridodifferentio
980 3823 1091 3897 datarus,

147 3954 414 4034 necesyodrmail.
422 3958 1181 4039 adMeol’atisreoirseditorlaocuaaslesrndapuudt.
