2498 4254
213 254 220 267 ,
275 134 355 258 oa
403 178 739 291 cernemus,
788 178 984 260 nmmv.
1079 204 1181 311 ,ῃι
1233 198 1240 207 ’

86 342 269 442 propbeta
284 344 328 417 de
340 344 527 419 Pharaone
536 365 622 442 rege
636 342 786 441 AEgypti
800 335 1048 440 prophetavit,
1060 360 1150 417 con·

88 447 217 517 venire
238 445 343 517 alicui
360 446 546 519 hominum
564 444 710 539 possunt
726 447 786 536 qui
804 442 963 541 regnasse
983 445 1155 518 videatur

86 544 126 617 in
141 540 325 642 AEgypto‚
351 543 442 617 sicut
455 542 640 619 manifeste
654 555 775 618 textus
792 544 865 637 ipse
878 543 1013 616 indicat
1028 541 1151 617 lectio·

86 645 156 718 nis.
208 642 378 718 Similiter
401 645 434 718 dt
455 665 593 736 eaquae
614 644 659 716 de
683 642 846 738 principe
867 640 958 736 Tyri
982 645 1151 717 dicuutur

85 762 166 816 non
187 742 334 837 possunt
360 746 511 841 intelligi
535 743 581 818 de
604 746 726 835 aliquo
755 745 903 817 homine
932 745 1037 816 velut
1064 744 1151 838 iege

82 844 179 936 ,Tyri
194 840 304 930 didia3
325 842 386 919 sed
402 843 438 917 dc
454 846 499 917 de
513 843 861 919 Nabuchodonosor
876 866 918 916 ea
937 865 1015 934 quae
1029 843 1166 933 multis¹
1228 906 1231 915 .

87 944 128 1018 in
150 944 240 1016 locis
265 945 308 1015 ab
331 943 503 1038 scriptura
526 946 716 1039 dicuntur,
739 944 774 1016 dc
791 946 943 1019 maxime
966 945 1002 1015 in
1025 940 1152 1032 Esaia,

91 1042 280 1133 quomodo
297 1043 458 1139 poffibile
474 1043 525 1119 est
539 1065 610 1118 nos
626 1042 716 1118 diua
732 1045 776 1117 de
792 1044 942 1118 homine
958 1037 1153 1135 suscipere?

89 1138 223 1234 Neque
242 1145 337 1219 enim
357 1147 471 1218 homo
496 1142 548 1218 est
570 1147 631 1237 qui
647 1145 778 1219 dicitur
794 1141 960 1216 cecidisse
975 1142 1020 1214 de
1036 1142 1153 1224 colu,
1236 1194 1240 1204 s

58 1275 66 1285 „
88 1242 154 1313 vel
169 1245 231 1333 qui
251 1242 398 1316 Lucifer
412 1243 509 1337 suit,
544 1245 606 1317 vel
626 1245 687 1334 qui
708 1264 815 1317 mane
838 1244 1031 1316 oriebatur.
1082 1237 1155 1312 Sed

89 1341 153 1415 illa
170 1342 405 1418 nihilominus
421 1365 498 1436 quae
516 1345 555 1417 in
568 1341 766 1418 Ezechiele
780 1340 871 1416 dista
886 1340 968 1414 sunt
981 1340 1027 1413 de
1040 1336 1155 1435 AEgy-

90 1451 185 1534 pto,
219 1444 383 1516 velutin
408 1443 638 1540 quadraginta
657 1444 760 1519 annis
783 1440 1072 1530 exterminanda,
1104 1440 1158 1511 ite
1207 1458 1209 1469 ¹

90 1551 135 1639 ut
150 1560 215 1634 pes
238 1541 396 1618 hominis
419 1563 497 1616 non
517 1543 726 1617 inveniatur
747 1544 786 1615 in
807 1564 873 1630 ea,
900 1540 990 1614 &in
1013 1549 1156 1612 tanturn

89 1641 371 1834 illdlllla
386 1655 439 1814 li
453 1655 950 1836 {tlrtllildtllrll
963 1640 1158 1829 llltllff

92 1835 278 1915 telledium
303 1842 439 1914 habens
463 1841 537 1913 hoc
562 1839 606 1913 de
630 1838 796 1936 AEgypto
820 1837 884 1913 ista
906 1852 1050 1910 terrena
1076 1857 1156 1927 quae

93 1933 292 2030 AEtbiopiae
312 1940 471 2033 adjacet,
496 1936 602 2033 possrt
620 1938 821 2014 advertere.
874 1937 944 2011 Sed
959 1931 1157 2009 videndum

93 2033 147 2107 est
161 2057 208 2108 ne
222 2036 320 2112 forte
335 2042 385 2111 ita
401 2038 540 2135 dignius
554 2037 659 2132 polilt
672 2039 846 2136 intelligi,
873 2036 972 2128 quod
983 2036 1073 2108 sicut
1088 2053 1159 2105 cce·

87 2132 189 2209 lestis
207 2134 259 2209 est
274 2138 467 2232 Jerusalem
488 2137 676 2232 &Judaea‚
705 2137 842 2234 &gens
858 2138 932 2210 sane
949 2136 1060 2208 dubio
1078 2153 1157 2225 quae

90 2233 295 2309 habitatun
319 2259 391 2330 ea,
426 2258 504 2330 quae
531 2238 663 2311 dicitur
684 2236 811 2330 Israel,
848 2239 900 2311 ita
921 2233 1081 2328 possibile
1107 2230 1159 2310 est

95 2335 205 2407 etiarn
218 2337 339 2410 vicina
353 2337 407 2411 his
419 2339 502 2409 loca
520 2335 590 2411 esse
608 2337 786 2431 quaedam,
812 2357 890 2430 quae
903 2336 964 2407 vel
977 2332 1158 2430 AEgyptue

93 2436 158 2506 vel
171 2433 356 2531 Babylon,
383 2438 444 2509 vel
456 2435 600 2530 Tyrus,
626 2440 688 2510 vel
703 2436 817 2512 Sidon
828 2435 998 2531 appellari
1012 2432 1159 2505 videan·

94 2543 177 2625 tur,
204 2554 403 2627 eorumque
425 2537 594 2611 locorum
618 2537 831 2631 principes,
857 2547 965 2625 atque
990 2530 1162 2611 animes»

95 2652 176 2723 quae
191 2635 308 2707 inillis
325 2635 490 2709 habitant
506 2637 620 2728 locis,
647 2632 832 2732 AEgyptii,
846 2633 1057 2727 babylonii,
1080 2630 1160 2725 Ty·

95 2733 163 2824 rii,
190 2753 231 2807 ec
249 2733 387 2806 Sidonii
407 2735 645 2828 appellentur.
699 2733 756 2808 Ex
769 2736 898 2828 quibus
916 2734 1024 2806 etiam
1038 2731 1161 2804 secun·

96 2829 184 2905 dum
206 2833 302 2907 illam
321 2834 640 2908 conversationem
664 2855 769 2926 quam
786 2835 835 2908 ibi
859 2833 1018 2920 habent,
1050 2830 1162 2923 capti»

95 2931 193 3003 vitas
210 2933 370 3024 quaedam
389 2936 556 3005 videatur
571 2929 698 3009 efledla
713 2954 778 3027 per
794 2930 900 3027 ‘quarn
917 2931 962 3004 de
979 2929 1101 3027 Judoea
1121 2931 1161 3002 in
1216 2952 1217 2957 ¹

97 3026 337 3124 Babyloniam
357 3033 419 3106 vel
437 3030 672 3130 AEgyptuma
691 3029 952 3109 melioribus&
973 3029 1160 3202 supgriori·

951 3194 952 3198 s
1068 3147 1110 3204 us

322 3292 751 3373 lurenenz'rnrro
786 3317 934 3373 nove.

96 3433 157 3509 sus
175 3432 251 3530 est,
278 3456 400 3529 neque
420 3438 568 3514 Lucifer
587 3450 682 3532 erat,
714 3460 834 3532 neque
854 3458 959 3515 mane
978 3436 1164 3512 oriebatur

97 3534 352 3627 superterram
368 3538 716 3625 Nabuchodonosor
729 3540 855 3617 bomo.
909 3536 979 3611 Sed
997 3558 1163 3628 necque
1235 3592 1238 3603 ,

101 3634 197 3723 apud
212 3632 444 3713 Ezechielem
464 3639 509 3712 de
524 3637 688 3734 AEgypto
709 3640 888 3712 habentur
901 3638 1002 3711 annis
1017 3637 1163 3727 quadra·

100 3734 201 3828 ginta
216 3734 259 3807 ad
276 3734 505 3811 solitudinem
520 3738 713 3834 redigenda
726 3754 768 3811 ut
786 3751 906 3830 neque
920 3738 1077 3812 hominis
1098 3756 1164 3812 ve·

100 3830 242 3931 stipium
258 3833 312 3914 ibi
326 3842 547 3935 repedatum
572 3838 719 4012 {bello
741 3839 791 3915 ita
807 3836 1023 3915 devastanda
1038 3845 1081 3907 ut
1099 3856 1165 3926 pet

635 3958 658 4014 a
684 3958 703 4030 s
1055 3951 1157 4023 m,
