2498 4254
294 131 420 235 ⁸ux
472 114 949 271 oxaxroum·
1074 78 1160 239 '483

90 295 218 375 debenti
245 295 362 388 nobis,
397 297 437 373 U
462 321 504 367 ne
533 321 590 367 nos
621 296 752 368 inducas
785 301 824 369 in
847 302 1070 374 tentationem.
1113 300 1162 379 Id

93 398 155 488 qui
185 393 426 489 suspicantur,
461 394 742 489 indicendum,
779 397 933 489 primum
958 400 1095 494 verba,
1120 402 1161 476 li·

91 509 155 568 cet
180 495 341 586 quaedam
365 497 462 568 inter
486 494 521 568 se
547 495 668 569 similia
694 497 869 582 habeant,
896 499 934 570 in
959 500 1081 571 multis
1109 496 1160 575 di·

88 590 194 667 versa
220 615 415 687 apparere,
449 607 491 691 ut
516 594 792 688 ea·perscrutati
819 594 1071 671 ostendemus:
1097 599 1160 673 de·

87 693 176 767 inde
211 689 290 766 fieri
314 714 392 767 non
450 692 524 767 olle
555 710 596 766 ut
629 693 753 768 eadem
785 697 904 769 oratio
930 693 1021 769 uitta
1052 696 1096 771 sit
1118 704 1159 771 in

88 811 218 879 monte,
256 813 330 883 quo
360 799 399 880 ui
422 819 479 865 ens
510 792 618 865 turbas
649 795 805 883 ascendit,
841 795 988 887 quaudo
1019 821 1088 867 cnm
1111 799 1159 887 [e-

88 896 204 991 disset,
231 890 418 983 ucceffirunt
441 895 482 965 od
505 918 575 965 cum
599 892 743 991 discipuli
767 897 856 991 ejus,
893 891 933 970 (ὅ
958 902 1099 988 aperiens
1124 923 1159 971 tt

82 992 181 1085 suum
207 993 338 1063 docebar.
391 991 454 1089 (ln
480 1014 522 1064 ea
547 993 642 1065 enim
668 992 842 1068 sermonis
869 989 958 1067 serio
984 1016 1054 1087 qua
1073 997 1158 1075 beu·
1199 1034 1205 1047 =

88 1091 263 1166 titudines
290 1094 549 1165 annuntiantur
575 1093 608 1163 dr
633 1090 818 1184 sequentia
841 1093 971 1165 dantur
996 1115 1159 1191 praecep·
1240 1170 1245 1193 ‚

86 1204 150 1283 ta,
183 1190 312 1286 scripta
338 1192 430 1283 apud
462 1190 678 1265 Matthaeum
702 1193 762 1267 illa
797 1190 1008 1288 reperitur.)
1030 1194 1063 1266 ἀ
1089 1220 1158 1265 cun

45 1306 48 1311 '
86 1289 160 1383 effu
184 1295 220 1360 in
252 1292 382 1388 quodam
406 1293 467 1361 tna
498 1316 620 1381 orans,
652 1306 690 1361 ut
725 1289 877 1383 ccffiuit,
916 1290 1006 1367 dieta
1039 1292 1081 1367 fit
1113 1293 1158 1369 ad

87 1410 202 1463 unum
230 1412 274 1463 ex
299 1388 478 1483 discipulis
504 1390 600 1484 ejus,
635 1391 695 1481 qui
722 1410 825 1491 prate
850 1390 976 1469 doceri
1002 1395 1159 1483 petierat

77 1490 165 1588 ficut
185 1492 224 1564 ix
242 1487 391 1588 Joonncs
404 1490 526 1563 docebat
547 1490 709 1585 discipulos
727 1491 811 1578 snos.
864 1491 947 1585 Qui,
960 1491 1056 1565 enim
1073 1489 1154 1567 fieri
1237 1506 1240 1513 “

86 1586 234 1684 potest,
260 1603 303 1661 ut
326 1587 434 1662 iidem
460 1586 641 1667 sermones
668 1589 768 1662 nulla
793 1589 927 1683 previa
957 1590 1158 1689 interroga·
1216 1616 1223 1627 ’

86 1689 193 1761 tione
219 1689 432 1761 continuata
459 1686 547 1762 serie
573 1689 760 1779 dicantur,
795 1687 1030 1761 &adonius
1065 1691 1158 1783 peti·

86 1790 228 1861 tionem
245 1786 406 1879 discipuli
425 1785 683 1879 proferantur?
708 1786 780 1860 Sed
796 1787 927 1860 dixerit
947 1784 1044 1860 forte
1062 1790 1156 1880 quis·

87 1887 185 1981 piam
209 1885 305 1960 idem
329 1882 526 1982 significare
552 1906 681 1980 preces
707 1888 785 1959 illas
809 1883 992 1977 dictasque
1017 1885 1088 1960 esse
1113 1898 1157 1960 ut

87 2005 197 2058 unam
223 1997 300 2059 tum
324 1986 361 2059 in
387 1987 578 2078 prolixiori
605 1986 792 2078 sermone,
825 2000 901 2058 tum
929 1984 973 2057 ad
997 2006 1156 2060 unume

87 2082 268 2177 discipulis
293 2084 330 2156 id
354 2085 617 2176 requirentem,
651 2097 740 2180 puta
772 2082 871 2176 quod
896 2103 974 2156 nou
1001 2082 1161 2187 affuisset

87 2204 171 2257 cum
197 2181 287 2256 arua
310 2181 391 2256 sunt
417 2203 494 2274 quae
512 2184 637 2257 retulit
661 2183 879 2263 Mattheus,
905 2184 975 2267 aut'
992 2205 1070 2275 quac
1093 2183 1157 2257 du·

88 2285 176 2359 dum
201 2280 292 2355 dieta
318 2281 431 2365 essent
455 2286 629 2357 memoria
655 2303 733 2356 non
760 2292 914 2356 teneret.
947 2282 1025 2355 ,sed
1056 2281 1156 2357 forte

87 2382 217 2457 melius
241 2383 310 2455 erit
334 2379 490 2455 diversas
521 2387 711 2456 orationes
743 2396 895 2478 putare,
928 2402 1007 2466 quar
1032 2394 1156 2475 partes

86 2481 246 2555 habeant
285 2483 452 2573 quasdam
489 2503 712 2556 communes.
781 2480 872 2555 Cum
907 2494 1026 2554 autem
1059 2501 1157 2572 quae·

86 2580 244 2656 srerimus
266 2580 359 2676 apud
379 2578 544 2659 Marcum
563 2580 651 2655 esset
669 2603 718 2655 ne
742 2582 859 2673 aliqua
877 2578 1063 2672 ejusmodi
1075 2598 1157 2653 ora·

85 2681 143 2752 tio
168 2679 283 2773 posita
309 2680 441 2754 eodem
456 2678 580 2776 seusu,
613 2702 662 2755 ne
681 2677 867 2777 vestigium
889 2679 1035 2772 quidem
1059 2678 1156 2753 illius

86 2781 297 2875 reperimus.

167 2899 223 2973 ¹9·
254 2874 304 2948 Et
336 2878 535 2971 quoniam,
571 2891 615 2951 ut
648 2874 751 2970 supra
785 2876 961 2967 diximus,
995 2874 1156 2969 primum

88 2989 242 3072 oportet
271 2990 377 3050 certo
411 2975 568 3067 quodam
605 2975 719 3051 modo
746 2974 982 3048 constitutum
1014 2992 1057 3043 eu
1091 2968 1157 3045 dis·

86 3075 245 3173 positum
270 3073 342 3149 else
368 3077 537 3183 eumequi
569 3089 675 3168 orat,
712 3073 746 3147 dr
781 3074 828 3149 sic
854 3075 997 3149 demum
1022 3090 1155 3165 orate,

86 3177 274 3250 videamus
314 3175 399 3266 quid
443 3188 527 3249 ante
561 3177 766 3250 orationem
802 3174 895 3267 apud
924 3170 1157 3249 ,Matthaeum

85 3273 241 3371 positam
264 3270 431 3348 Salvator
456 3272 579 3348 noster
603 3274 649 3349 de
674 3274 904 3377 illasdixerite
952 3270 995 3344 Id
1020 3269 1068 3342 src
1095 3270 1157 3343 ha·

87 3378 173 3451 bet:
216 3375 265 3447 Et
296 3400 364 3446 cnm
395 3382 516 3462 oratis,
552 3399 617 3447 non
646 3378 741 3446 critis
762 3374 845 3471 ficut
875 3373 1063 3468 hypocrite,
1097 3371 1157 3467 qui

85 3488 200 3548 amum
235 3479 272 3546 r‘n
303 3476 473 3571 synagogis
513 3471 553 3551 (θ’
588 3481 626 3545 in
660 3475 786 3568 angulis
822 3473 1000 3571 platearum
1033 3470 1156 3567 flantes

84 3576 197 3659 ocare,
230 3591 269 3649 ut
303 3576 483 3649 videantur
512 3574 553 3646 oi
584 3576 790 3647 hominibus.-
822 3575 925 3667 Amen
955 3573 1021 3643 dico
1045 3569 1153 3657 uobis,

88 3692 273 3773 receperunt
304 3679 466 3749 mercedem
493 3674 597 3766 sunm.
665 3666 719 3748 Tu
750 3691 855 3749 eutem
885 3668 1154 3757 cum'orauerir,

87 3782 185 3885 intro
214 3778 254 3851 in
284 3778 459 3854 nidulum
488 3790 622 3955 mss
633 3774 683 3951 h&
707 3775 808 3875 clauso
838 3773 912 3875 estio
942 3795 999 3847 oro
1027 3783 1155 3867 patrem

103 3890 107 3897 '
673 3884 742 3950 'a'
947 3910 950 3917 ·
1013 3885 1106 3942 tuum
1149 3880 1153 3885 '
