2498 4254
86 170 154 317 η
413 144 840 293 om'e'ems'*
912 148 920 214 ⁵

85 373 240 461 mundus
259 376 455 475 exstiterit,
477 380 655 473 praecipue
671 378 696 452 si
711 379 913 451 intueamur
925 374 1027 453 ilium
1038 371 1144 455 finan

84 504 151 581 per
163 504 268 574 quem
284 481 403 553 omnia
417 478 634 555 restituenda
646 478 684 552 in
698 478 826 553 statum
841 478 931 553 initii
948 476 1022 572 sui,
1050 479 1141 572 libro
1183 541 1185 553 .

84 582 259 676 superiori
284 579 465 655 differtum
492 576 572 653 est?
606 578 719 674 Quod
734 580 859 671 utique
880 577 906 651 fi
926 570 1141 671 conrequen·
1181 603 1185 668 q

84 694 142 755 ter
160 680 289 755 ditium
307 681 473 771 videtur,
510 699 613 772 quam
630 681 731 752 aliam
745 675 807 775 (ut
826 677 998 776 diximus)
1009 676 1143 751 causam
1180 687 1185 779 ξ

83 783 286 877 putabimus
307 794 413 854 tantae
430 780 533 873 hujus
552 779 673 852 mundi
690 776 925 871 diversitatis,
951 778 1015 851 nisi
1030 778 1142 851 diver·
1178 786 1185 872 gi

82 882 222 977 sitatem
242 902 283 955 ac
300 880 510 953 varietatem
525 893 690 953 motuum
711 901 752 952 ac
771 876 1000 972 prolapsuum
1018 896 1152 971 eorum
1176 941 1180 948 .

85 982 146 1075 qui
164 983 207 1054 ab
225 982 284 1054 illa
299 981 390 1052 initii
405 981 544 1052 unitate
562 992 667 1073 atque
688 978 932 1051 concordiain
948 998 1017 1071 qua
1029 998 1050 1049 a
1061 976 1140 1049 D'eo

82 1082 248 1175 primitus
272 1081 456 1173 procreati
479 1078 584 1173 sunt,
612 1078 841 1172 deciderunt,
868 1078 966 1151 &ab
994 1078 1061 1151 illo
1079 1076 1139 1149 bo·
1174 1073 1181 1132 ἶ

82 1181 206 1252 nitatis
226 1178 319 1252 statu
335 1180 509 1251 commoti
529 1194 635 1271 atque
651 1178 826 1271 distracti,
852 1176 999 1251 diversis
1017 1174 1149 1273 dehinc¹
1172 1167 1185 1264 i

82 1280 286 1351 animorum
308 1280 467 1353 motibus
483 1301 527 1351 ac
548 1276 723 1352 desideriis
747 1276 887 1373 agitati,
922 1299 1033 1351 unum
1058 1270 1140 1379 illud
1171 1273 1185 1334 ’ἶ

84 1375 362 1451 &indiscretum
381 1392 516 1451 naturae
533 1378 600 1453 suae
617 1380 753 1451 bonum
768 1397 837 1473 pro
850 1377 1062 1479 intentionis
1078 1373 1149 1474 suu
1183 1424 1185 1429 -

84 1476 289 1551 diverfitate
304 1479 340 1551 in
357 1460 474 1550 va'iias
496 1478 722 1551 deduxerunt
740 1478 912 1571 mentium
925 1478 1110 1568 qualitates
1121 1467 1151 1548 i'
1183 1517 1185 1524 ,

161 1600 194 1650 2.
218 1577 320 1669 Deus
339 1599 431 1651 vero
448 1598 512 1673 per
528 1576 745 1651 ineffabilem
761 1576 938 1670 sapientia
952 1574 1019 1649 suae
1034 1586 1138 1649 artem
1173 1579 1185 1630 -2

83 1678 205 1751 omnia
225 1698 302 1769 quae
320 1678 583 1769 quoquomodo
608 1674 722 1771 fiunt,
749 1676 792 1749 ad
814 1678 903 1749 utile
929 1674 1086 1769 aliquid,
1109 1669 1139 1744 ir
1181 1673 1185 1763 f

82 1777 128 1849 ed
141 1798 367 1851 communem
382 1778 540 1851 omnium
553 1777 811 1851 transformans
826 1798 869 1848 ac
880 1796 1050 1869 reparans
1062 1792 1150 1872 prq-¹
1173 1768 1185 1888 3⁴

82 1875 236 1970 fenum,
262 1878 325 1949 has
343 1875 431 1971 ipsas
456 1893 634 1950 creaturas
660 1899 736 1969 quae
761 1899 780 1950 a
799 1874 988 1969 semetipfis
1010 1878 1049 1949 in
1070 1885 1138 1974 tan·
1160 1940 1164 1950 .

82 1989 161 2049 tum
191 1978 389 2049 animorum
413 1979 588 2051 varietate
611 1976 803 2069 distabant,
830 1977 867 2048 in
891 1996 1003 2049 unum
1027 1992 1152 2072 quem-4⁸·

83 2070 167 2148 da'm·
183 2089 336 2148 revocat
358 2078 478 2168 operis
501 2076 675 2168 studiique
697 2074 928 2168 consensum,
964 2088 1007 2147 ut
1030 2074 1150 2156 diver,

81 2174 125 2249 fis
141 2176 227 2246 licet
244 2175 419 2248 mortibus
437 2178 654 2269 animorum,
680 2178 784 2247 unius
800 2190 919 2249 tamen
933 2174 1057 2247 mundi
1070 2172 1149 2267 ples.

71 2269 282 2346 'mitudinem
313 2272 640 2367 perfectionemque
670 2274 939 2369 consumment,
974 2287 1082 2366 atque
1101 2266 1168 2374 adj

82 2392 195 2445 unum
214 2371 442 2463 perfectionis
465 2372 573 2448 finem
603 2375 755 2448 varietas
777 2374 849 2468 ipsa
870 2375 1045 2447 mentium
1069 2384 1150 2448 terr.
1174 2373 1185 2448 ἶ

84 2470 157 2543 dat.
207 2469 290 2543 Una
308 2494 461 2563 namque
478 2474 596 2545 virtus
623 2474 674 2547 est
697 2496 773 2566 quae
791 2495 934 2548 omnem
952 2472 1077 2547 mundi
1096 2468 1139 2545 di·
1180 2495 1185 2510 ⁴

84 2569 290 2643 verfitatem
317 2572 528 2670 constringit
554 2573 588 2645 &
613 2576 805 2668 continet,
843 2588 950 2665 atque
974 2575 1012 2647 in
1037 2588 1150 2672 unumq-

85 2689 179 2761 opus
200 2672 323 2743 varios
350 2673 422 2767 agit
446 2690 590 2767 motus,
616 2697 663 2745 ne
688 2674 821 2746 scilicet
845 2691 919 2746 tam
943 2670 1142 2747 immensum
1181 2693 1185 2699 ·

84 2768 208 2844 mundi
225 2792 317 2863 opus
336 2770 910 2847 dissidiissolveretunanimorum.
935 2772 985 2845 Et
995 2758 1150 2880 propter}

85 2865 160 2939 hoc
172 2870 360 2965 opinamur
373 2886 559 2964 parentem
570 2872 934 2964 omniumDeumpro
944 2866 1140 2945 saluteuni·

86 2965 267 3041 versatum
277 2985 517 3044 creaturarum
526 2970 663 3046 suarum
675 2992 738 3065 per
752 2971 969 3044 ineffabilem
978 2972 1084 3045 verbi
1095 2962 1139 3043 sui

88 3087 130 3139 ac
140 3064 642 3160 sapientiaerationemitahaec
652 3071 784 3167 singula
799 3068 1016 3164 dispensasse,
1025 3086 1068 3143 ut
1083 3068 1140 3143 fin·
1183 3069 1185 3076 ’

88 3168 163 3261 guli
173 3169 304 3260 quique
313 3168 467 3264 spiritus,
478 3171 539 3244 vel
551 3173 740 3265 animi‚vel
751 3170 1015 3263 quoquomodo
1027 3167 1150 3263 eppei.

86 3262 1151 3363 landaesuotrationabilessubfistentiae,noneontraarbitrii,

86 3362 306 3459 libertatem,
320 3370 358 3440 vi
373 3369 409 3441 in
428 3370 521 3442 aliud
531 3390 634 3461 quam
643 3384 763 3444 motus
778 3370 908 3443 mentis
927 3367 996 3441 suae
1011 3368 1145 3465 agereta'

87 3480 333 3560 cogerentur,
360 3468 394 3540 &
412 3489 476 3561 per
493 3470 565 3541 hoc
589 3470 693 3543 adimi
713 3480 756 3543 ab
772 3470 827 3542 his
844 3471 1029 3543 videretur
1042 3459 1147 3543 liberi

85 3560 237 3637 facultas
258 3569 409 3641 arbitrii:
441 3566 539 3661 quod
559 3571 683 3661 utique
701 3571 909 3661 qualitatem
920 3570 992 3663 jam
1011 3582 1143 3643 natura

86 3664 192 3755 ipsius
214 3666 439 3741 immutabat:
465 3667 498 3739 &
525 3667 653 3741 diverfi
677 3684 799 3743 motus
825 3668 1001 3763 proponti
1026 3678 1141 3741 earum

87 3761 134 3833 ad
150 3765 255 3837 unius
274 3767 395 3839 mundi
410 3763 680 3841 consonantiam
694 3781 944 3863 competenter
960 3782 1065 3853 atque
1077 3758 1141 3835 uti·
1182 3848 1185 3854 ,

85 3859 170 3935 liter
194 3878 426 3961 aptarentur,
458 3865 543 3947 dum
559 3870 635 3949 alie
652 3869 773 3963 juvari
788 3868 971 3971 indigent,
997 3859 1144 4045 agei&
