2498 4254
73 104 135 213 ia
280 64 890 221 '‘orrormrs.
974 138 977 143 ·

80 289 193 384 ipsum
207 286 327 363 Deum
355 285 544 384 cognoscit
566 288 626 380 qui
646 287 781 363 veritas
806 286 1030 385 appellatur?
1052 286 1153 365 Tale

1 407 13 429 ⁸
80 389 135 465 est
155 409 243 485 crgo
264 387 362 481 q'uod
377 388 524 461 dicitur:
559 393 597 458 in
615 389 735 460 lumine
751 405 807 463 tuo
821 391 995 460 videbimus
1014 390 1151 483 lumem

79 489 245 581 boecii,
270 490 308 561 in
325 488 443 560 verbo
459 484 675 580 &sapientia
687 502 771 582 tua,
798 491 858 579 qui
871 487 922 562 est
933 485 1027 562 filius
1047 490 1151 586 tuus,

79 587 210 684 inipso
229 602 269 661 te
288 586 488 660 videbimus
500 599 659 679 patrem.
710 587 977 680 Numquidnam
995 590 1076 683 quia
1093 590 1150 662 lu·

78 710 164 763 men
181 689 408 778 nominatur,
433 685 542 759 fimile
565 688 749 780 putabitur
772 687 854 761 solis
872 688 976 780 hujus
992 685 1152 762 lumini?

78 784 132 863 Et
153 786 341 879 quomodo
361 785 422 859 vel
441 786 533 859 levis
554 787 677 878 aliquis
694 787 839 860 'dabitur
860 786 1081 881 intelletlus,
1105 801 1152 861 ut

78 908 128 962 ex
140 887 208 960 isto
225 888 300 979 quis
319 886 501 978 corporali
518 886 651 960 lumine
666 884 816 961 caussam
834 885 987 962 scientiae
1007 888 1151 983 capiat,

9 1050 13 1065 .
77 987 115 1062 dt
130 984 473 1061 veritatis-inveniat
491 984 740 1072 intellettumi
950 1055 955 1071 ,

156 1108 188 1162 2.
214 1084 252 1161 Si
263 1084 350 1180 ergb
364 1082 591 1176 acquiescunt
603 1085 686 1159 huic
701 1083 880 1159 assertioni
898 1082 1028 1160 nostra
1042 1105 1155 1177 quarn·

76 1186 131 1261 de
144 1198 272 1259 natura
293 1183 434 1279 luminis
454 1181 527 1277 ipsa
546 1183 805 1258 demonstravit
823 1186 942 1277 ratio,
979 1183 1014 1256 dt
1034 1183 1151 1281 faten-

76 1299 138 1359 tur
150 1305 227 1358 non
240 1281 340 1377 posse
355 1302 489 1376 corpus
503 1284 653 1379 intelligi
667 1283 787 1359 Deum
800 1282 992 1358 secundum
1005 1283 1154 1359 luminis-

75 1378 319 1474 intelletlum‚
345 1381 461 1457 srmilis
475 1403 620 1475 quoque
636 1383 731 1455 ratio
750 1383 796 1456 de
816 1385 899 1480 igne
915 1380 1150 1459 consumente

1 1493 4 1498 ’
76 1485 231 1581 dabitur.
282 1481 383 1580 Quid
411 1483 506 1555 enim
531 1480 718 1556 consumet
735 1483 837 1555 Deus
857 1480 1049 1556 secundum
1072 1482 1149 1559 hoc

63 1583 178 1677 ·quod
202 1580 293 1679 ignis
320 1579 401 1654 est?
438 1579 705 1674 Numquidnam
730 1583 914 1676 putabitur
936 1579 1149 1656 consumere

74 1682 260 1773 materiam
275 1680 517 1773 corporalem,
542 1686 584 1753 ut
599 1679 650 1753 est
664 1682 810 1778 lignum,
834 1683 899 1755 vel
912 1680 1059 1774 fenum,
1085 1682 1151 1759 vel

74 1778 228 1877 stipulat
253 1778 388 1871 &quid
403 1781 441 1852 in
460 1779 539 1852 hoo
557 1779 701 1875 dignum
720 1781 792 1853 Dei
808 1780 970 1857 laudibus
995 1780 1148 1875 dicitm,

73 1882 216 1959 ereus
234 1880 324 1977 ignis
342 1877 392 1952 est
410 1876 611 1971 hujusmodi
628 1881 797 1953 materias
814 1877 1051 1953 consumenti
1075 1880 1151 1955 sed

74 1981 339 2056 consideremus
360 1981 441 2072 quia
455 1978 557 2051 Deus
577 1979 753 2052 consumit
770 1980 912 2072 quidem
929 1978 963 2051 dt
980 1980 1149 2055 extermi-

14 2160 16 2167 ,
73 2096 162 2174 nat,
187 2078 247 2154 sed
264 2076 440 2151 consumit
456 2080 565 2150 malas
585 2080 757 2152 mentium
773 2076 1036 2174 cogitationes,
1059 2101 1151 2153 con·

73 2180 181 2255 sumit
203 2176 299 2272 gesta
321 2178 458 2269 turpia,
493 2175 671 2251 consumit
686 2177 854 2251 defideria
873 2178 1038 2270 peccati,
1064 2200 1150 2255 cum

72 2280 112 2365 se
138 2276 361 2349 credentium
383 2277 561 2348 mentibus
583 2274 728 2369 inserit,
764 2277 881 2348 &eas
910 2272 1150 2369 animarique

72 2377 181 2451 verbi
204 2377 279 2466 ejus
296 2396 339 2446 ac
361 2370 537 2466 sapientiae
559 2373 759 2453 efficiuntur
781 2397 950 2469 capaces,
973 2396 1150 2453 unacum

72 2474 152 2551 filio
174 2474 239 2548 suo
256 2474 480 2567 inhabitans,
505 2471 697 2548 secundum
713 2475 811 2568 quod
830 2474 959 2549 ditium
978 2473 1050 2548 est:
1077 2478 1149 2571 Ego
1171 2542 1174 2547 .

72 2577 114 2653 (5
129 2592 222 2672 pater
233 2580 416 2659 veniemus,
451 2572 491 2651 dr
504 2575 688 2669 manfiomem
701 2579 784 2672 apud
794 2600 863 2645 cum
870 2576 1040 2667 faciemus:
1067 2598 1149 2651 om-

72 2677 179 2749 nibus
208 2694 335 2748 eorum
358 2673 458 2746 vitiis
489 2674 768 2767 passionibusque
795 2673 986 2748 consumtis
1014 2696 1147 2770 purum

73 2775 138 2850 fibi
151 2796 210 2848 cas
230 2771 336 2864 seque
354 2772 497 2869 dignum
516 2771 624 2847 efficit
643 2776 825 2867 templum.
876 2775 948 2848 Sed
964 2775 998 2848 dr
1013 2775 1067 2849 his
1081 2776 1146 2866 qui

73 2895 140 2973 per
165 2876 239 2949 hoc
267 2874 365 2964 quod
389 2871 519 2945 dicium
545 2872 596 2946 est
619 2877 787 2964 quoniam
814 2878 904 2946 Deus
921 2877 1056 2971 spiritus
1081 2876 1147 2971 esi,

74 2995 209 3069 corpus
237 2970 307 3046 esse
330 2973 546 3045 arbitrantur
567 2973 712 3067 Deum,
750 2975 824 3047 hoc
845 2975 970 3047 modo·
984 2973 1145 3048 arbitror.

74 3071 473 3165 effe'respondendun:
501 3070 724 3145 consuetudo
749 3072 800 3145 est
825 3072 1002 3167 scripturae
1020 3073 1147 3149 sancire

74 3192 157 3247 curn
173 3172 304 3263 aliquid
326 3172 545 3245 contrarium
567 3174 716 3264 corpori
736 3172 820 3245 huic
833 3174 986 3248 crassiori
1005 3172 1040 3245 de
1063 3173 1146 3248 soli·

73 3273 169 3345 diori
188 3271 365 3367 designare
382 3272 486 3364 vult,
518 3269 673 3365 spiritum
689 3275 897 3367 nominare,
931 3273 1021 3345 ficut
1036 3273 1145 3348 dicit:

74 3378 195 3444 Idicra
209 3375 335 3458 addit,
354 3372 492 3466 spiritus
505 3389 608 3442 aurem
626 3375 788 3462 viaissent.
837 3373 970 3464 lnquo
984 3369 1063 3445 srne
1080 3375 1145 3447 du·

74 3473 139 3549 bio
165 3490 229 3563 per
250 3470 397 3544 literam
425 3471 629 3564 corporalia
655 3469 853 3566 significat,
891 3491 956 3566 per
982 3469 1151 3564 spiritum-

69 3568 345 3664 intelletlualia‚
379 3592 456 3662 quae
476 3569 510 3643 dc
533 3568 699 3663 spiritalia
723 3571 881 3649 dicimus.
939 3568 1142 3663 Apostolus
1162 3602 1174 3673 4

73 3691 220 3765 quoque
233 3669 335 3745 dicit:
370 3672 470 3767 Usque
483 3676 521 3739 r'n
536 3671 720 3741 hodiernum
733 3698 800 3742 cum
811 3676 929 3766 legitur
949 3674 1071 3766 Moyses
1088 3698 1144 3744 vc·

29 3830 33 3837 .
73 3770 178 3846 lamen
201 3771 239 3871 ιβ
259 3772 391 3871 &tum
408 3773 501 3866 supet.
523 3794 574 3844 cer
597 3794 723 3843 corum:
757 3792 825 3844 cum
849 3788 954 3845 autem
977 3773 1144 3965 cfonversus

211 3926 215 3931 -
1003 3890 1091 3947 uerit
