2498 4254
196 92 356 229 'uo
406 104 951 227 mseriarum
1055 147 1129 245 σῳ

61 307 146 381 dum
164 301 217 383 est
236 306 342 381 illud:
368 308 421 379 De
436 310 522 377 omni
534 305 628 379 arrabo
641 306 735 397 oriofir
756 311 915 380 rationem
935 305 1070 379 reddens
1087 308 1130 381 'in

59 411 109 479 dia
118 409 245 504 judicii.
295 406 389 503 Quis
405 406 502 481 enim
536 406 625 479 alius
650 405 768 493 sermo
788 419 861 479 tam
887 403 1027 481 otiosua
1048 403 1127 501 est,

60 527 168 598 quam
199 502 431 595 coniunibrm
463 506 652 604 negationi
677 503 952 599 jusjurandum?
989 504 1127 598 Neque

58 606 158 679 enim
182 607 260 681 ullo
287 602 410 677 modo
433 601 514 677 sunt
539 604 728 678 adorande
759 617 930 678 creature
957 621 1127 701 creatore
1224 688 1228 697 ⁴

57 704 256 799 praesente,
290 703 325 774 dr
352 702 395 776 ad
421 705 583 777 omnium
604 724 733 797 preces
757 700 977 783 sufficiente,
1011 705 1126 791 immo

59 822 122 875 ear
138 802 397 896 preveniente.
449 803 507 873 Ac
519 823 567 877 ne
577 801 653 896 ipse
667 801 812 897 quidem
822 799 896 895 ipse
911 803 1027 877 veliet
1039 802 1129 875 ado·

59 902 130 977 rari
149 899 202 977 sol
222 904 267 975 ab
282 902 339 975 his
359 902 420 994 qui
451 922 496 975 ex
519 900 715 995 Dei-parte
742 898 850 990 suut3
881 922 952 975 nec
977 904 1022 974 ab
1047 903 1126 974 ulio

60 1001 134 1075 aiio
156 1002 295 1075 adorari
320 1002 419 1077 velle
443 1002 632 1095 probabile
653 998 728 1092 est,
758 998 819 1073 sed
843 1001 944 1075 ilium
965 1001 1128 1075 imitatur
1168 1064 1179 1077 ,

61 1100 125 1193 qui
146 1100 253 1174 dixit:
275 1090 367 1196 Quid
391 1127 437 1169 me
459 1105 536 1169 dicis
560 1094 697 1172 bonum?
727 1100 930 1169 nemobonus
958 1100 1020 1195 nifi
1044 1099 1128 1186 solur

60 1202 155 1271 Deus
172 1217 283 1297 parer,
310 1199 405 1292 quasi
426 1199 566 1273 diceret
583 1201 617 1271 ei
635 1201 697 1290 qui
717 1194 752 1270 se
767 1200 930 1273 voluerit
952 1198 1128 1273 adorare:

61 1300 148 1387 quid
162 1321 221 1372 me
238 1298 325 1371 dicis
347 1297 493 1372 Deum?
519 1300 623 1371 Unus
643 1296 694 1371 est
711 1296 965 1392 Deus.vems;
991 1298 1128 1390 &quid

58 1418 120 1472 me
145 1397 300 1471 adoras?
327 1402 502 1470 Dominum
519 1401 615 1471 enim
636 1406 739 1469 Deum
758 1415 847 1467 tuum
862 1395 1058 1475 adorabis&
1079 1404 1129 1493 r'p·

47 1498 83 1597 fi
94 1498 155 1586 soli
174 1502 319 1585 servias:
346 1494 456 1571 fanus
480 1496 605 1591 &ipse
625 1496 718 1572 sum:
745 1497 829 1588 quid
849 1520 931 1573 eum
956 1499 1012 1570 vis
1034 1497 1124 1570 ado-

58 1617 139 1671 rare
164 1601 224 1689 qui
247 1595 402 1671 adorati
427 1618 509 1670 nam
537 1617 607 1692 ego
633 1617 780 1689 quoque
805 1597 921 1671 adoro
944 1596 980 1669 dr
1005 1593 1127 1674 servio

57 1695 147 1769 Deo
174 1696 208 1769 o
232 1699 347 1790 patri,
373 1696 408 1767 &
430 1698 536 1789 ipsrus
561 1698 750 1790 preceptis
771 1696 949 1771 obediens
973 1700 1128 1767 vanitati

19 1864 27 1871 .
58 1793 234 1886 subjestus
255 1794 329 1867 sum
341 1812 466 1892 propter
482 1821 548 1865 eum
562 1800 619 1890 qui
638 1791 761 1890 [subjecit
779 1799 815 1864 in
828 1798 907 1893 spe,
933 1790 1129 1868 &vincius

56 1892 132 1984 ipse
153 1894 379 1985 corruptibili
403 1914 560 1989 corpore
586 1895 768 1969 liberabor
784 1896 979 1985 aservirure
1001 1914 1129 1991 corrup·

59 1997 161 2066 rionis
179 1997 216 2062 in
237 1993 414 2063 libertatem
435 1996 695 2087 gloriaessflliorum
723 1998 798 2078 Dei.

137 2101 170 2171 8.
196 2088 461 2184 Exspedandur
485 2097 592 2167 etiam
612 2091 664 2166 est
682 2094 807 2184 aliquia
832 2093 1028 2186 impietatis
1046 2115 1129 2190 pro·

57 2191 190 2287 pheta:
215 2191 313 2263 forte
333 2210 403 2264 nec
422 2212 536 2285 unus,
562 2191 622 2265 sed
638 2194 772 2288 plures.
822 2191 1041 2284 Loquentur
1060 2215 1129 2271 no-

60 2292 117 2369 bis
138 2306 289 2389 tanquam
302 2289 430 2361 varbum
447 2295 586 2363 Domini
602 2290 685 2388 qnod
697 2317 764 2365 non
782 2297 931 2387 pracepit
955 2296 1128 2383 Dominus,

62 2402 127 2463 aut
144 2402 314 2482 tanquam
334 2389 537 2466 sermonem
554 2391 755 2484 sapientire,
782 2389 985 2473 sermonem
1001 2415 1022 2467 a
1041 2392 1129 2487 sapi·

60 2491 162 2565 entia
181 2492 366 2582 alienum,
402 2503 444 2562 ut
467 2512 536 2564 nos
555 2487 752 2565 interficiat
780 2487 946 2565 sermone
969 2494 1043 2565 oris
1064 2492 1127 2570 sui.

58 2588 215 2663 Sudnos
229 2608 313 2661 cum
333 2589 536 2663 constiterit
548 2604 724 2684 peccator
744 2587 929 2663 adversum
948 2612 1046 2685 nos,
1072 2591 1130 2666 di·

61 2707 204 2763 camus:
231 2689 296 2779 Ego
314 2705 419 2758 autem
438 2706 591 2785 tunquam
598 2691 719 2777 surdus
732 2715 798 2759 non
815 2688 993 2779 audiebam,
1026 2690 1066 2765 (s
1078 2691 1130 2787 ſs·

62 2802 325 2861 carmennum
345 2792 488 2883 operiens
502 2790 653 2877 ossuum,
679 2786 719 2867 (s
730 2787 844 2880 fedius
857 2788 929 2875 sum
945 2789 1023 2879 ficut
1038 2790 1129 2861 homo

61 2912 128 2963 non
144 2888 287 2961 audiens.
338 2884 507 2961 Pulcrum
522 2888 575 2962 est
591 2888 688 2961 euim
708 2886 753 2960 ad
772 2887 905 2982 impios
924 2885 1124 2981 sermones,

62 2983 336 3077 obsurdescere,
362 3004 445 3059 cum
459 3006 525 3057 eos
543 2990 603 3080 qui
615 2984 783 3081 perverse
798 2987 1020 3081 loquuntur,
1047 3008 1130 3063 cor·

58 3089 176 3184 rigere
198 3083 435 3177 desperamus.
931 3120 936 3136 =

137 3207 171 3281 9.
197 3183 365 3256 Proderit
386 3184 495 3258 etiam
519 3184 626 3258 nobis
652 3197 742 3259 tunc
768 3184 944 3277 temporis
974 3206 1056 3260 cum
1083 3184 1128 3258 ad

61 3306 108 3362 ea
125 3304 202 3373 quae
217 3282 305 3356 Deo
322 3285 502 3357 contraria
518 3284 620 3374 sunt,
644 3285 942 3378 provocabimur,
965 3286 1128 3382 cogitare

20 3410 24 3415 ·
62 3384 150 3475 quid
168 3402 238 3455 nos
262 3381 398 3455 docere
420 3384 510 3455 velit
530 3382 657 3474 Deus,
688 3403 770 3456 cum
791 3383 863 3454 ait:
889 3386 953 3479 Ego
962 3385 1035 3473 sum
1058 3390 1129 3457 Do·

63 3488 181 3556 minu?
191 3490 274 3554 Deus
292 3497 368 3553 ruas
381 3481 510 3552 untes.
560 3478 737 3574 Equidem
759 3484 932 3576 arbitror,
958 3485 1128 3579 quemad·

60 3582 211 3657 modum
224 3580 372 3677 sponsus
396 3582 456 3675 qui
471 3580 634 3676 sponsam
653 3583 744 3656 velit
759 3582 804 3654 ad
818 3581 911 3655 caste
928 3584 1129 3659 vivendum

61 3680 241 3755 adducere
261 3693 304 3755 ut
326 3678 361 3753 se
386 3691 501 3755 totam
522 3680 654 3774 sponso
676 3682 843 3776 adjungat
865 3686 1037 3778 omnique
1057 3682 1127 3753 stu-

60 3780 126 3861 dio
145 3792 280 3899 ⁶9⁹er
293 3779 341 3861 ad
361 3778 475 3855 ulium
491 3778 527 3855 se
544 3780 703 3859 alienum
723 3779 931 3856 effundere:
956 3786 1010 3874 ir,
1037 3785 1126 3855 licet

10 3894 30 3955 ι,
112 3868 379 3984 msam.
404 3878 469 3953 111.
650 3882 728 3977 Qq
935 3880 1090 3999 =suprema

10 4036 51 4077 a.
106 4056 118 4093 ,-
400 4084 403 4087 ,

10 4134 39 4190 th
121 4122 138 4153 0
