2498 4254
299 173 303 184 ·
408 108 809 204 oRlGENIS
940 154 945 160 ·

346 215 531 403 clar
577 274 617 353 u
662 272 701 351 r
770 269 877 351 vn.

368 440 420 512 De
433 431 617 528 incorporeis
634 424 673 507 (5
688 432 853 526 corporeis.

98 621 131 680 t.
235 589 305 671 AEc
320 584 457 683 quidem
472 589 562 671 'qua
585 577 744 675 superius
770 574 1010 667 disseruimus,
1036 590 1149 673 ganea

157 603 233 777 H
282 691 345 765 rali
366 680 470 760 nobis
493 677 656 754 sermone
687 678 821 776 digesta
844 679 932 771 lint,
964 694 1030 771 pet
1057 693 1146 748 con·

89 791 307 874 &asininam
324 782 430 880 magis
443 778 685 854 intelleibuum
701 800 806 871 quam
828 775 979 852 delinito
998 774 1145 871 dogma·

90 871 372 991 ro'pertrarbata
399 894 506 972 atque
539 877 684 953 discussa
708 880 753 953 de
783 875 1057 952 rationabilibus
1084 893 1145 948 na-

87 995 204 1080 turis,
230 983 308 1087 post
321 1000 402 1056 eum
416 978 538 1053 locum
558 1000 663 1075 quem
679 979 723 1054 de
738 978 843 1053 Patre
859 976 1003 1052 &Filio
1020 965 1147 1071 &Spi-

87 1095 162 1168 ritu
183 1084 299 1166 sinuo
323 1099 392 1174 pro
417 1076 550 1154 nostris
578 1080 718 1155 viribus
744 1075 983 1169 exposuimus.
1033 1072 1146 1149 Nunc

84 1209 175 1285 ergo
193 1185 373 1259 videamus
394 1198 472 1273 quae
485 1178 553 1254 smt
567 1178 612 1255 de
628 1180 756 1273 quibus
775 1175 941 1252 disserere
961 1176 1000 1249 in
1023 1173 1148 1273 conse·

83 1285 278 1378 quentibus
293 1277 675 1355 convenitsecundum
689 1280 819 1378 dogma
836 1276 1017 1369 nostrum,
1041 1276 1080 1349 id
1098 1273 1150 1352 est

80 1380 277 1476 secundum
297 1373 454 1455 ecclestae
472 1376 591 1457 fidem.
642 1377 778 1454 Omnes
802 1378 925 1474 animae
946 1389 1055 1469 atque
1073 1396 1148 1450 om·

79 1499 148 1562 nes
172 1478 405 1554 rationabiles
431 1492 566 1554 naturae
586 1476 686 1557 faita
706 1477 788 1557 sunt
810 1478 874 1554 vel
897 1487 1048 1571 ereata,
1073 1474 1151 1551 five

79 1573 207 1678 santia
222 1575 310 1670 lint,
336 1578 413 1653 live
425 1599 600 1673 nequam
619 1601 704 1673 quae
719 1599 843 1652 omnes
858 1573 1053 1651 secundum
1064 1595 1150 1669 pro·

78 1676 196 1772 priam
207 1687 373 1766 naturam
387 1679 613 1778 incorporeae
627 1678 724 1754 sunt:
749 1675 855 1753 sed&
867 1697 932 1771 per
948 1674 1025 1749 hoc
1037 1672 1151 1771 ipsum

79 1773 183 1868 quod
198 1776 430 1871 incorporeae
446 1780 547 1877 sunt,
571 1780 801 1869 nihilominus
817 1774 917 1852 fade
933 1773 1036 1866 mnt3
1061 1794 1152 1869 qu0=

78 1867 178 1960 lfiam
196 1874 345 1967 quidem
360 1880 483 1957 omnia
504 1904 526 1956 a
549 1880 635 1970 Deo
660 1900 725 1974 per
741 1876 916 1954 Christum
931 1874 1024 1950 faila
1049 1873 1154 1971 sunt,

79 1970 399 2071 licut-generaliter
411 1980 568 2077 Joannes
585 1981 697 2055 docet
713 1978 751 2055 in
769 1975 982 2076 evangelio,
1009 1975 1154 2052 dieenn

82 2069 133 2150 1⁸
141 2078 306 2176 principio
322 2097 394 2153 arat
413 2083 545 2155 verbum
566 2078 606 2159 (5
625 2081 757 2153 verium
772 2095 842 2151 erat
856 2078 939 2173 apud
959 2081 1089 2157 Deum,
1114 2072 1154 2154 ϋ

78 2159 177 2258 Deus
200 2193 277 2250 erar
300 2179 439 2254 uerbum.
493 2186 561 2255 Hoc
587 2196 659 2253 etat
681 2184 721 2252 in
743 2182 902 2278 principio
927 2178 1010 2274 apud
1036 2182 1154 2250 Deum.

81 2275 207 2347 omnia
215 2296 276 2375 per
290 2281 390 2377 ipsum
400 2278 497 2374 fassa
504 2280 605 2371 sunt,
630 2277 671 2357 (s
688 2278 753 2373 fine
771 2280 832 2376 ipso
857 2274 984 2372 fassum
1001 2277 1041 2371 afl
1053 2274 1156 2351 nibil.

81 2355 154 2478 iffae
174 2370 312 2471 species
330 2391 451 2459 autem
465 2380 500 2455 u
514 2400 683 2456 numeros
701 2378 935 2470 ordinemque
952 2376 1156 2476 describent¹

83 2490 129 2648 {a
147 2494 227 2569 quae
244 2477 338 2554 faiis
354 2478 456 2595 sunt,
481 2478 611 2556 Paulus
632 2478 815 2574 apostolus
836 2476 967 2554 disserit
984 2477 1060 2594 hoc
1078 2496 1157 2552 moi

86 2592 430 2762 tutiusne
446 2576 931 2779 statuebatur
953 2575 1158 2769 rtem:

86 2770 129 2862 θ’
149 2782 277 2873 quain
302 2794 410 2869 terra,
434 2781 505 2880 five
525 2780 664 2874 vifibilia
676 2829 688 2872 ,
708 2781 780 2877 fios
795 2780 903 2871 fides,
927 2776 998 2876 five
1015 2779 1160 2851 nmina·

88 2877 219 2967 diones,
238 2879 309 2977 five
328 2884 530 2977 principatus
545 2882 616 2977 five
628 2881 807 2980 poiqsoles,
830 2882 936 2954 omma
957 2899 1012 2973 per
1037 2880 1160 2976 ipsum,

89 2972 132 3058 θ
146 2978 208 3074 ipse
227 2980 354 3078 esionae
367 3004 492 3069 ommes,
525 2978 565 3059 su
581 2980 694 3079 ipsust
709 2996 809 3077 caput.
861 2976 1054 3055 Manifeste
1070 2998 1160 3075 ergo

90 3075 131 3170 in
152 3076 317 3175 Christo,
344 3080 456 3175 &per
472 3080 648 3157 Christum
659 3079 750 3156 sada
763 3077 832 3155 elle
847 3080 968 3154 omnia
984 3077 1018 3151 δι
1037 3090 1161 3153 creata

118 3183 338 3275 ronunciat,
364 3180 438 3256 slve
461 3181 610 3255 visibilia
634 3197 712 3274 quae
735 3178 815 3253 sunt
830 3178 1056 3273 corporalia,
1082 3176 1162 3252 five

133 3278 303 3375 visibilia,
330 3299 406 3374 quae
421 3300 499 3355 non
520 3282 588 3357 alia
603 3281 710 3355 etiam
729 3281 885 3357 arbitror
906 3298 1011 3371 quam
1038 3278 1164 3354 incoi-

93 3396 227 3473 poreas
253 3380 519 3474 spiritualesque
544 3382 709 3454 virtutes.
765 3379 910 3453 Horum
933 3389 1054 3453 autem
1081 3397 1162 3471 quae

93 3478 161 3570 vel
177 3499 357 3573 corporea
374 3479 437 3552 vel
455 3477 676 3574 incorporea
695 3480 909 3576 generaliter
933 3478 1093 3570 dixerat,
1118 3488 1163 3550 ut

94 3577 185 3654 mihi
215 3578 386 3669 videtur,
421 3579 460 3651 in
491 3578 718 3673 sequentibus
750 3590 935 3653 enumerat
965 3576 1100 3673 species
1125 3575 1164 3652 id

97 3676 151 3753 est
159 3678 278 3772 sedes,
299 3677 585 3772 dominationes,
599 3679 839 3771 principatus,
853 3675 1072 3771 potestates,
1091 3676 1165 3764 vio,

95 3787 209 3859 tutes.
266 3776 354 3855 Haec
373 3789 492 3855 autem
510 3800 531 3853 a
549 3777 656 3854 nobis
673 3776 838 3876 praediea
858 3776 927 3853 lint
949 3775 1165 3853 volentibus

1045 3895 1113 3973 per

108 173 150 252 7⁸

42 4047 94 4068 ,ιι-ο.
