2498 4254
211 150 289 233 oe
338 137 893 297 rnrucn11s,r1n.‘11.
1040 168 1088 263 ιι

473 338 477 343 ,
1107 339 1113 346 .

85 544 397 658 ,utnon
466 548 1026 689 secuunun

388 746 658 825 CAPUT
703 747 733 828 Ι.
810 776 815 804 ¹
931 776 937 790 ·

192 1010 368 1107 superiori
384 1013 509 1086 libello
529 1011 667 1086 differta
685 1013 787 1107 sunt,
814 1012 859 1086 de
878 1016 1016 1089 mundo
1039 1028 1096 1089 ιιι·

71 990 74 995 ,
78 906 382 1159 Consequens
407 932 506 986 nunc
539 910 707 1006 videtur,
744 912 833 987 licet
860 914 982 993 omnia
1011 930 1092 1010 quse

196 1134 268 1205 que
298 1104 374 1205 ejus
409 1114 637 1186 ordinatione
663 1112 805 1187 differta
828 1113 916 1208 sint,
941 1117 1095 1209 proprie

68 1232 147 1287 rnen
163 1212 209 1285 de
225 1210 303 1309 ipso
318 1212 455 1287 mundo
474 1234 589 1306 pauca
603 1226 781 1307 repetere,
806 1212 842 1287 id
859 1213 910 1289 est
924 1213 969 1288 de
985 1216 1094 1289 initio

68 1334 105 1387 us
122 1334 165 1385 ee
187 1309 282 1406 fine,
309 1314 371 1387 vel
386 1313 439 1386 his
458 1335 534 1405 quae
550 1314 643 1385 inter
659 1314 799 1388 initium
818 1314 859 1387 nc
879 1311 989 1391 finem
1014 1315 1094 1407 ejus

68 1413 273 1489 srdivinam
296 1412 562 1508 providentiam
585 1411 847 1510 dispensantur,
880 1413 941 1487 seu
962 1414 1007 1488 de
1035 1415 1093 1488 his
1157 1412 1160 1419 ’

68 1532 107 1585 se
121 1514 384 1587 antemundum
397 1509 489 1586 feda
503 1514 564 1585 vel
572 1512 653 1605 post
663 1516 834 1587 mundum
847 1512 1011 1589 facienda
1026 1534 1094 1607 pu·

68 1626 163 1690 ntru.
214 1612 258 1688 ln
275 1634 348 1707 quo
365 1614 439 1687 hoc
454 1613 606 1707 primum
618 1613 808 1687 evidenter
825 1628 973 1707 apparet
992 1610 1095 1708 quod

68 1716 148 1788 nnis
162 1714 272 1789 status
291 1713 386 1807 ejus,
412 1715 473 1804 qui
493 1711 543 1787 est
561 1714 684 1786 varius
700 1735 742 1786 ac
758 1712 916 1786 diversus
936 1734 1015 1787 non
1036 1710 1095 1785 so·

68 1836 105 1889 ιιι
124 1837 170 1889 ex
185 1812 457 1887 rationabilibus
483 1812 776 1887 &divinioribus
798 1814 959 1906 naturis,
986 1814 1021 1887 dt
1046 1830 1095 1885 ex

68 1914 176 1989 uersis
196 1914 413 2007 corporibus
435 1912 595 2014 constet,
628 1911 688 1987 sed
712 1934 757 1986 ex
778 1913 885 1987 mutis
912 1912 1096 1986 animanti·

68 2033 126 2109 us,
149 2014 249 2089 idest
266 2014 375 2107 feris,
399 2012 539 2107 bestiis,
565 2012 790 2109 pecudibus,
818 2012 1017 2105 brevibus,
1044 2022 1096 2082 at·
1158 2050 1163 2065 ·

68 2134 107 2189 se
121 2116 286 2189 omnibus
305 2134 382 2206 que
396 2116 547 2186 vivunt:
574 2126 651 2186 turn
665 2111 793 2185 deinde
806 2132 851 2185 ex
871 2112 978 2206 locis,
990 2111 1027 2182 id
1044 2106 1097 2183 est

68 2216 122 2308 eli,
138 2216 201 2291 vel
216 2212 445 2305 celerent
458 2213 759 2305 terraeveleqoae:
785 2208 843 2285 sed
859 2211 892 2284 δι
909 2216 955 2285 e'x
971 2232 1018 2284 eo
1034 2207 1097 2302 qui

68 2316 169 2393 edius
185 2314 237 2389 est
248 2334 350 2405 aere,
371 2313 433 2386 vel
446 2334 551 2406 quern
571 2312 740 2385 aetherem
760 2311 907 2404 dicunt,
925 2324 1032 2405 atque
1050 2326 1098 2382 ex

68 2416 199 2491 mnibus
208 2434 286 2507 quae
294 2411 517 2508 procedunt,
538 2412 598 2484 ve]
612 2409 855 2484 nascunturex
868 2425 976 2485 terra.
1004 2408 1098 2483 Cum

68 2534 120 2616 po
129 2514 282 2589 tentasrt
289 2512 412 2587 mundi
420 2512 574 2585 varietas
589 2508 672 2609 (ἢ,
688 2524 794 2603 etque
803 2511 839 2583 in
848 2510 926 2604 ipsis
940 2508 1099 2583 ratione·
1125 2579 1133 2591 ,

68 2615 163 2691 nnus
177 2614 414 2689 animantibus
429 2612 470 2685 fit
484 2624 584 2685 tanta
600 2610 803 2703 diversitas,
820 2623 973 2704 propter
992 2626 1099 2701 quant

68 2716 141 2791 r'am
164 2716 282 2789 omnis
311 2715 448 2805 relique
473 2712 629 2784 varietas
659 2732 700 2783 ac
725 2709 907 2784 diversitas
939 2705 1099 2802 putanda

68 2812 283 2915 dexstitiiie:
310 2834 415 2911 quam
439 2808 577 2987 canslssm
602 2812 705 2885 aliam
730 2809 801 2884 dici
820 2807 1010 2907 oportebit
1029 2822 1100 2899 quo

565 2932 587 2985 r
941 2926 1043 2981 mun·

110 3112 174 3213 (⁸)
199 3110 307 3191 ov‘m
318 3108 369 3189 δίι
383 3114 627 3187 noannoeane
642 3134 755 3198 eorus
766 3126 1019 3205 τυγχάνοντος,
1038 3122 1101 3177 και

68 3240 196 3295 naum
214 3214 369 3311 scapua
382 3220 516 3309 λογικα
531 3228 774 3309 πιριιχοντος,
800 3236 836 3283 τι
856 3206 946 3283 rimo
963 3224 1029 3304 χρι
1045 3212 1101 3278 λι·

68 3340 105 3393 us
126 3316 234 3392 dieser
252 3338 421 3409 ’γεγονινιιι
438 3338 486 3385 re
505 3310 671 3396 ὁποςιιαι
689 3312 819 3389 αὐτοι,
844 3307 863 3382 i
881 3334 923 3383 eo
942 3314 1101 3381 ποικιλοι

68 3416 354 3592 wenemarus
373 3440 438 3489 sev
451 3410 504 3507 ἐχ
520 3407 639 3505 ὁμοιως
651 3436 709 3501 τις
725 3404 845 3494 ivudot
861 3403 1101 3507 disrupimus.

112 3517 218 3593 'nian
237 3516 290 3591 ibi
315 3569 325 3591 .

114 3622 166 3691 lta
189 3642 258 3689 cum
279 3612 415 3687 muudus
432 3610 555 3707 flemma
570 3609 682 3710 conflet
698 3615 884 3703 varietate,
916 3622 1104 3701 tantamque

68 3718 280 3791 nimiruum
292 3721 456 3787 contineat
475 3714 709 3807 differentiam,
734 3712 810 3810 quid
829 3709 919 3796 aliud
938 3705 1104 3781 dicendum

68 3811 82 3885 i
99 3812 194 3906 fuiffc
207 3820 303 3907 causa
319 3831 358 3889 ut
369 3812 530 3913 subfifloss
554 3838 647 3913 quam
666 3824 860 3887 varietatem
876 3810 981 3909 lapsus
999 3819 1103 3877 nrum

68 3913 540 4007 sinmfinidimaiunitm
557 3910 732 4013 ἅψατε·
977 3952 998 3965 ·-
