2498 4254
326 144 422 226 DE
468 130 944 230 '0³RAT110NE..
1078 169 1152 253 509

93 315 242 406 tuaque-
255 307 306 387 ita
332 313 565 404 praevaluerit.
579 325 622 385 ιιι
644 310 821 401 deleitari¹
833 311 941 407 ipius
966 306 1049 387 taio
1075 331 1173 399 non,
1241 338 1245 359 ¹

91 414 304 509 potuerint,
331 434 409 485 erm
427 412 535 506 ipsam
556 410 626 485 Dei
645 413 817 486 virtutem
833 414 967 486 exaltat
982 413 1083 503 cujus
1104 412 1155 487 ia·

90 511 168 591 dtus
184 510 236 583 est
250 515 449 605 particeps:
476 511 574 602 quod
590 511 777 606 vigesimus
794 531 914 584 nonus
928 510 1078 604 psalmus
1094 512 1157 587 de·
1190 533 1196 549 ¹

92 613 206 683 clarat
227 611 282 683 hia
301 612 439 703 verbis:
468 610 624 684 Exutalo
642 628 673 681 te
690 615 826 681 Domine
842 623 987 708 quoniam
998 613 1158 708 suscepisti

88 735 159 799 me,
178 735 240 781 nec
255 709 409 805 deiet'iasii
421 710 563 781 inimices
577 734 658 781 mear
669 711 762 804 super
773 734 832 783 me.
875 706 1020 783 Exaltat
1032 724 1155 787 autem

87 809 215 883 Deum
235 810 294 900 qui
320 808 468 883 domum
492 812 524 883 ei
548 811 585 883 in
613 807 727 903 seipso
750 810 912 884 dedicat:
937 830 1020 884 nam
1049 809 1154 883 &in-

90 907 239 1001 scriptio
266 907 388 1003 psalmi
412 910 459 982 ste
485 910 618 983 habet:
648 910 788 994 Psaimur
811 915 931 981 cantici
950 911 1155 981 dedicationis

90 1009 196 1078 domus
213 1008 306 1103 effus
330 1010 451 1080 David.
502 1009 678 1083 Praeterea
692 1008 737 1083 de
754 1008 841 1102 illo,
858 1007 1081 1104 scanilficerur
1096 1033 1155 1081 ru·

89 1131 163 1177 men
180 1123 291 1194 tuum,
317 1106 412 1181 &de
429 1110 573 1199 reliquis
590 1129 669 1200 quo
687 1108 859 1203 deinceps
871 1111 1088 1202 imperativo
1102 1106 1155 1183 dl·

89 1219 222 1279 cuntur
247 1207 385 1298 modo,
415 1208 607 1281 dicendum
630 1208 852 1303 imperativis
878 1229 946 1302 pro
977 1211 1153 1301 optativis

89 1304 223 1378 crebro
246 1306 327 1378 usos
352 1304 421 1380 elie
451 1310 560 1381 etiam
583 1309 823 1401 interpretes,
862 1320 904 1397 ut
930 1311 968 1381 in
993 1306 1151 1401 psalmis:
1220 1371 1228 1399 2

89 1408 300 1498 Muta-fiant
326 1407 412 1478 labia
446 1409 544 1497 dolosa
568 1432 636 1504 quae
658 1408 836 1504 loquuntur
857 1410 1007 1495 adversus
1031 1407 1153 1505 justum
1196 1412 1199 1419 “

87 1509 315 1603 iniquitatem:
337 1508 399 1580 ubi
417 1504 526 1598 fiant,
552 1527 620 1601 pro
645 1510 870 1599 urinamjiaut
889 1507 1049 1600 ponitur.
1083 1504 1150 1581 Et:

89 1609 261 1677 Scruterur
287 1605 466 1698 fenerator
498 1632 619 1679 omnem
648 1607 852 1704 substantiam
876 1611 955 1704 ejm.¹
1006 1610 1086 1678 Non
1103 1608 1152 1702 fit

88 1707 138 1776 ili
162 1707 312 1802 adjutor,
332 1709 386 1779 ¹in
413 1707 548 1799 psalmo
576 1705 774 1780 centeiimo
800 1703 933 1779 odavo
960 1704 1006 1778 de
1032 1705 1151 1802 Juda,·

89 1801 143 1877 est
179 1807 275 1878 enim
306 1818 408 1877 totus
440 1806 501 1877 ille
534 1803 687 1897 psalmus
724 1807 845 1879 oratio
878 1805 923 1877 de
954 1805 1078 1899 Juda,
1108 1818 1152 1879 ut

86 1900 299 1993 hujusmodi·
326 1903 485 1995 quaedam
518 1904 569 1977 illi
605 1906 829 1999 contingant.
879 1898 1056 1975 Tatianus
1090 1924 1152 1977 au-

88 2013 163 2074 tern
186 2021 268 2076 curn
289 2023 366 2074 non
392 1998 613 2074 intellexerit
630 2023 786 2097 vocem,
803 2006 893 2095 fler,
918 2023 996 2075 non
1014 2002 1151 2095 ubique

88 2107 290 2193 optativam
312 2099 404 2194 elie,
430 2100 490 2175 sed
515 2102 993 2196 interdumaeimperativam
1018 2101 1148 2194 implil·

86 2199 171 2274 srma
204 2201 249 2272 de
281 2199 369 2274 Deo
402 2213 630 2275 commentus
666 2199 718 2273 est
748 2204 808 2293 qui
843 2201 948 2275 dixit:
971 2204 1038 2292 fiat
1065 2203 1151 2296 lux,
1190 2245 1192 2250 ·

88 2297 183 2389 quasa
217 2300 402 2394 optaverit
434 2300 586 2393 potius,
615 2321 731 2392 ¹qrrarn
761 2304 993 2396 imperaverit
1025 2302 1175 2377 lumen'

86 2394 184 2471 fieri:
211 2412 405 2494 propterea
431 2399 555 2493 quod,
575 2401 694 2491 inquit
717 2400 780 2474 ille
804 2400 940 2475 nefarie
965 2394 1148 2494 sentiens,

85 2498 125 2571 in
150 2498 310 2571 tenebris
332 2513 408 2572 erat
426 2496 541 2574 Deus.
589 2496 627 2570 A
647 2521 722 2592 quo
743 2501 972 2592 querendum
994 2498 1046 2572 est
1059 2519 1151 2590 quo·

85 2598 201 2670 modo
236 2595 278 2669 srt
310 2613 523 2692 accepturus
555 2597 660 2671 illud:
679 2603 860 2671 Germirret
893 2618 984 2671 terra
1015 2600 1150 2671 herbam

81 2697 218 2792 pabuli3
252 2694 307 2787 ἀ,
342 2700 549 2790 Congregetur
572 2722 655 2794 aqua
672 2699 734 2786 sui
753 2703 845 2789 calor
878 2689 931 2785 dt,
970 2696 1149 2788 Producant

86 2819 174 2890 aqua
194 2798 321 2890 reptilia
341 2802 521 2867 animarum
546 2800 730 2866 viventium
741 2816 755 2883 ,⁸
782 2798 847 2891 dt,
877 2799 1033 2869 Producat
1058 2815 1148 2871 terra

86 2900 228 2965 animam
245 2898 421 2970 viventem.
454 2895 508 2970 lta
523 2916 570 2967 ne
584 2907 626 2966 ut
640 2887 746 2991 firmo
760 2896 851 2971 stare
866 2895 1019 2993 vestigio
1031 2894 1150 2989 pellit,

88 3006 196 3086 optat
216 2995 425 3088 congregari
447 3014 554 3084 aquae
572 3014 650 3085 quae
666 2993 728 3071 sub
744 2999 836 3070 eaelo
853 3010 955 3069 erant
972 2990 1150 3073 inlocum
1209 2988 1215 3001 ’

87 3090 228 3165 unum?
253 3089 330 3163 Aut
343 3106 384 3164 ut
400 3096 442 3165 iis
462 3094 598 3165 fruatur
615 3114 693 3185 que
712 3098 888 3193 germinat
902 3108 1016 3186 terra,
1043 3107 1150 3188 optat

86 3206 130 3265 ut
155 3207 249 3265 terra
267 3184 478 3286 germinet?
511 3193 571 3263 An
590 3192 680 3267 srcut
698 3197 834 3269 lumine
858 3188 1066 3288 indigebat,
1096 3196 1149 3269 lta

84 3295 284 3387 indigentia
306 3291 511 3385 compulsus
529 3289 580 3363 est
598 3305 640 3365 ut
657 3296 849 3388 aquatiles,
877 3311 946 3391 aut·
964 3286 1165 3389 volatiles,¹

88 3410 151 3468 aut
173 3396 355 3470 terrestres
379 3395 577 3465 animantes
598 3385 772 3486 optaret?
798 3392 910 3492 Quod
931 3393 1073 3484 fijttxta
1094 3394 1149 3486 ip·

86 3494 181 3584 sum,
209 3494 393 3568 absurdum
410 3491 460 3564 est
477 3493 554 3565 haec
570 3490 689 3568 Deum
705 3492 818 3567 oraffe
831 3515 909 3585 quae
925 3492 1147 3584 imperativis
1234 3562 1237 3587 ‚

87 3595 244 3666 vocibus
265 3584 424 3684 exprelia
449 3592 546 3664 sunt:
574 3592 773 3682 quidni&
800 3592 845 3665 de
868 3595 961 3684 hoc,
977 3593 1045 3682 fier
1063 3590 1147 3683 lux,

84 3693 361 3784 meridientur,
386 3713 463 3764 non
488 3695 674 3784 optative,
700 3686 992 3786 sed'imperative
1013 3684 1147 3765 dietum

87 3787 190 3867 effer
212 3790 459 3868 Neceliarium
474 3786 561 3869 mihi
584 3790 697 3873 visum
712 3787 789 3888 est,
814 3813 897 3869 cum
919 3785 978 3873 hic
992 3790 1149 3956 ἱιὲιριιιιιΙ
1195 3846 1198 3851 .

1025 3902 1101 3958 aaa
