2498 4254
253 162 355 243 DE·
379 156 716 257 PRINCIPIIS,
766 157 869 239 LIB.
894 158 959 237 111.
1076 186 1147 259 271

91 328 126 405 δι
152 349 242 423 puer
269 329 385 403 adhuc
408 326 608 421 prophetia
630 325 775 421 gratiam
800 323 950 417 accepit.
1012 320 1062 399 Et
1082 324 1151 426 (f)

88 428 266 503 rursusne
289 429 472 509 contrario
492 425 675 501 maniFeste
698 423 896 498 ostenditur
919 424 963 495 ab
986 424 1151 502 adversa·

88 529 150 603 r's
169 528 344 621 spiritibus
364 525 536 619 quosdam
549 548 569 597 a
584 526 695 617 prima
711 522 827 597 statim
839 536 943 596 aetate
959 524 1147 621 possessos,

88 552 132 701 111Ι
147 629 198 701 est
218 629 414 701 nonnullos
433 646 515 699 cum
534 622 611 716 ipso
628 624 790 696 damone
806 620 876 695 esse
892 636 1029 717 natos,
1057 628 1149 701 alios
1228 628 1231 633 ’

89 747 183 801 vero
196 750 216 799 a
230 748 345 821 puero
358 722 526 799 divinasse
539 723 761 797 historiarum
777 719 865 795 fides
878 722 1044 798 declarat
1075 728 1151 801 Alii

90 828 238 920 aprima
256 840 361 898 aetate
377 826 573 917 daemonem
592 843 697 914 quem
714 821 919 914 Pythonem
937 826 1148 920 nominant,-

87 926 126 999 id
143 926 215 1018 est,
241 926 510 1016 ventriloquum
519 923 600 1015 passi
611 921 699 997 sunt.
750 921 823 995 Pro
838 925 964 1015 quibus
980 927 1147 1000 omnibus

71 1027 134 1098 *ab
154 1026 208 1098 his
222 1028 280 1117 qui
302 1026 372 1097 Dei
390 1022 710 1118 providentiaregi
729 1025 849 1095 omnia
866 1043 942 1115 quae
959 1026 996 1096 in
1011 1026 1149 1098 mundo

87 1125 191 1216 sunt,
225 1122 401 1217 asserunt,
434 1122 524 1197 ficut
543 1120 664 1194 nostra
684 1142 829 1213 quoque
851 1125 1015 1196 continet
1033 1121 1146 1219 fides,

88 1237 130 1297 ut
146 1224 234 1296 mihi
249 1225 419 1315 videtur,
445 1242 520 1295 non
534 1222 780 1314 aliterpoterit
792 1220 1017 1315 responderi,
1042 1224 1149 1299 itaut

89 1324 223 1414 absque
247 1325 345 1396 omni
364 1321 538 1413 injustitia
558 1321 661 1414 culpa
680 1321 911 1413 providentia
929 1323 1148 1398 demonstre-
1209 1314 1212 1329 ¹

87 1438 171 1514 tur,
204 1423 266 1517 nifi
290 1423 429 1514 priores
450 1420 608 1513 quasdam
626 1418 726 1493 suiffe
745 1422 794 1493 eis
823 1419 932 1495 causae
954 1423 1146 1518 dicantur,

88 1522 217 1614 quibus
236 1537 423 1613 antequam
435 1522 472 1593 in
489 1539 647 1615 corpore
667 1517 897 1593 nascerentur
915 1522 1059 1617 animae,
1085 1524 1149 1597 ali·

88 1622 174 1713 quid
192 1622 439 1694 contraxerint
454 1620 566 1713 culpae
581 1620 617 1691 in
635 1616 786 1693 senfibus
801 1622 863 1693 vel
876 1622 1034 1695 motibus
1053 1620 1146 1719 suis,

86 1742 158 1816 pro
181 1721 306 1812 quibus
328 1721 402 1794 hoc
424 1720 555 1793 merito
574 1719 649 1812 pati
668 1738 688 1791 a
704 1718 825 1791 divina
844 1720 1077 1813 providentia
1091 1724 1150 1815 ju··

87 1821 214 1894 dicatae
233 1818 323 1896 sunt.
373 1818 497 1892 Liberi
519 1838 672 1909 namque
694 1818 830 1891 arbitrii
847 1818 981 1914 semper
1001 1820 1053 1893 est
1073 1822 1147 1893 ani·

87 1942 167 2013 ma,
200 1924 304 1993 etiam
328 1941 410 1991 cum
430 1920 469 1991 in
495 1935 653 2010 corpore
678 1917 778 2008 hoc,
813 1919 919 1991 etiam
941 1938 1021 1992 cum
1043 1932 1152 1995 extra·

87 2040 224 2115 corpus
244 2019 319 2091 est:
347 2019 546 2092 &libertas
570 2016 703 2089 arbitrii
719 2018 788 2089 vel·
803 2016 848 2091 ad
868 2018 965 2090 bona
985 2016 1145 2114 semper,

88 2120 152 2193 vel
173 2118 217 2191 ad
234 2120 324 2192 mala
344 2130 540 2192 movetur:
570 2136 811 2208 necunquam
829 2117 1050 2192 rationabilis
1070 2118 1147 2193 sen-

87 2218 165 2312 sus,
191 2217 228 2290 id
246 2217 297 2290 est
308 2239 408 2292 mens
427 2217 636 2309 Velamima,
661 2216 734 2289 sme
751 2228 856 2289 motu
868 2218 987 2308 aliquo
1002 2220 1150 2293 velbo-

88 2340 139 2393 no
157 2319 219 2390 vel
233 2319 328 2390 malo
351 2315 420 2390 effe
434 2314 564 2409 potest.
614 2318 720 2416 Quos
737 2330 859 2389 motus
877 2316 995 2390 causas
1008 2319 1148 2411 presta·

87 2438 129 2492 re
144 2417 356 2490 meritorum
374 2416 560 2489 verifimile
583 2415 633 2487 est
649 2416 757 2489 etiam
777 2418 996 2508 priusquam
1017 2419 1056 2497 in
1072 2421 1149 2493 hoc

88 2519 226 2592 mundo
252 2516 381 2607 aliquid
405 2526 536 2612 agant:
567 2527 609 2587 ut
632 2535 700 2607 pro
724 2515 778 2587 his
796 2516 932 2589 meritis
955 2517 1018 2590 vel
1036 2519 1157 2593 causas
1214 2564 1217 2569 -

88 2638 154 2710 per
173 2615 329 2688 divinam
348 2614 613 2707 providentiam
628 2613 745 2686 statim
763 2635 784 2685 a
802 2615 915 2707 prima
932 2617 1155 2712 nativitate,

88 2718 199 2789 immo
216 2716 249 2786 &
264 2727 346 2785 ante
359 2714 608 2806 nativitatem,
632 2725 675 2785 ut
687 2713 737 2785 ita
749 2712 882 2806 dicam,
910 2717 970 2787 vel
981 2716 1071 2788 boni
1087 2712 1147 2789 ali·

90 2814 175 2907 quid
192 2814 253 2885 uel
270 2814 352 2886 mali
373 2812 513 2906 perpeti
535 2810 786 2905 dispensentur.
837 2811 887 2885 Et
905 2814 981 2886 haec
1005 2814 1148 2905 quidem

89 2913 182 2988 dista
195 2914 263 2986 sint
273 2912 317 2985 de
332 2914 386 2987 his
399 2934 476 3005 quae
493 2911 661 3011 videntur
674 2911 898 3007 hominibus,
926 2914 1017 2986 vela
1035 2915 1149 3006 prima

87 3013 280 3093 nativitate
295 3011 431 3106 statim,
456 3011 641 3085 ueletiam
652 3025 842 3103 antequam
856 3010 897 3085 in
917 3011 1010 3085 hanc
1028 3014 1148 3093 lucem

923 3130 1097 3205 prorum·
1144 3150 1147 3155 ·

78 3368 81 3373 .
141 3307 202 3409 (*)
232 3312 279 3384 Ea
298 3313 489 3382 econtrario
499 3309 637 3407 parvuli
651 3308 744 3397 licet,
768 3307 809 3386 θ’
817 3328 896 3406 pem
910 3306 1067 3385 intimus
1083 3320 1154 3386 mai

86 3413 130 3485 iis
151 3413 313 3508 replentur
325 3409 508 3507 spiritibus,
533 3408 572 3485 (5
592 3411 770 3479 indivisus
787 3410 1032 3507 arqueiarious
1048 3416 1150 3511 inspi-

89 3527 235 3599 rantur,
270 3516 308 3581 iu
332 3527 461 3581 taurum
480 3517 629 3581 uterium
649 3511 766 3579 damon
786 3510 983 3603 Pythonisrrs
1001 3516 1149 3611 quosdam

88 3638 102 3684 e
122 3631 234 3685 tenera
256 3629 348 3682 atate
360 3607 530 3708 prffideat,
557 3634 630 3707 quos
645 3606 803 3680 derelit‘lrs
818 3607 872 3701 effi
885 3613 967 3706 apud
974 3615 1149 3709 providen-

89 3720 171 3785 tiam
196 3717 278 3797 Dei,
304 3737 369 3779 cum
385 3710 474 3780 nihil
488 3709 552 3781 tale
562 3709 719 3802 fecerint,
745 3725 783 3779 ut
801 3710 972 3807 rssiusmodi
985 3713 1159 3803 infhniam'

82 3812 296 3905 sustinerent,
316 3836 384 3881 uun
396 3812 434 3906 esi
448 3814 515 3905 ejus
530 3815 588 3909 qui
597 3810 688 3905 nihii
702 3810 780 3879 vult
794 3811 908 3908 absque
925 3814 992 3887 Heu
1001 3814 1077 3902 sari
1088 3811 1157 3894 ,ff

87 3917 194 3987 omnia
206 3912 295 3987 iliius
300 3910 628 4010 jryiitiagubemari.
646 3909 813 4001 Hieron
825 3910 989 4018 ineptit
999 3906 1182 3987 1111111..
