2498 4254
262 125 340 203 nu
387 120 725 219 errrncrrrrs,
773 122 959 205 trum.
1074 140 1143 229 περ

77 307 166 365 'rum
186 286 375 363 iirbruatur
398 285 539 363 assertio
561 306 629 379 qua
646 298 775 379 putant
800 288 1008 362 naturaliter
1028 290 1145 385 perdi·

86 404 164 463 turn
189 388 293 463 fuisse
311 388 544 463 Pharaonem.
593 388 663 460 Sed
687 386 791 461 &de
816 388 870 459 his
893 408 969 479 quae
990 391 1033 463 ab
1058 412 1145 484 apo-

87 489 179 563 stolo
193 488 308 563 Panlo
328 486 418 561 diua
436 488 542 581 sunt,
567 486 723 561 similiter
736 486 902 559 adversus
919 509 983 559 eos
1002 511 1144 585 agamus

92 591 192 687 Quos
221 588 318 663 enim
339 588 482 661 indurat
504 540 605 659 D’eus
632 584 822 657 secundum
847 585 1056 679 opinionem
1083 612 1145 662 ve·
1221 650 1225 683 ,

88 685 216 763 ittam?
241 684 384 783 Nempe
398 707 463 760 eos
480 706 570 777 quos
583 699 717 757 naturae
734 682 881 777 perditae
895 684 1032 781 dicitis,
1059 687 1144 780 quid

95 786 179 861 uliud
204 787 315 859 credo
337 784 494 858 faduros
513 786 537 858 fi
558 806 635 856 non
652 782 795 857 fuissent
814 783 977 861 indurati.
1027 786 1064 859 Si
1082 810 1144 862 ve·
1223 792 1226 797 ’

96 906 132 959 m
153 908 197 959 ex
216 886 443 959 induratione
461 884 505 957 ad
524 883 763 977 perditionem
779 883 950 974 veniunt,
981 886 1051 976 jam
1066 908 1145 961 non

97 987 314 1076 enormiter,
340 983 400 1057 sed
415 1006 461 1057 ex
474 983 714 1057 accidentibus
729 997 893 1077 pereunt.
927 982 1144 1059 Tuncdein-

50 1076 138 1157 de
158 1085 267 1157 dicite
291 1083 426 1176 nobis,
464 1103 616 1174 quorum
642 1080 824 1155 miseretur
847 1081 975 1155 Deus?
999 1082 1145 1179 Nempe

50 1187 210 1257 eolrurn
234 1184 294 1275 qui
314 1181 469 1255 salvandi
485 1180 575 1254 sunt:
624 1176 701 1253 Et
690 1204 728 1255 m
739 1203 818 1273 quo
837 1180 892 1253 isti
911 1181 1063 1255 secunda
1080 1185 1146 1257 mi·

50 1261 277 1355 sericordia
290 1282 450 1377 indigent
463 1283 522 1373 qui
547 1279 651 1354 semel
676 1280 830 1353 salvandi
853 1279 933 1353 sunt
953 1301 1019 1375 per
1043 1272 1145 1356 natri-

50 1400 174 1496 ram,
200 1382 291 1455 &ad
303 1379 560 1453 beatrmdrnem
574 1380 726 1453 veniunt
740 1382 959 1494 naturaliter,
984 1382 1045 1454 nisr
1062 1383 1145 1473 quia

50 1481 59 1586 ζ
100 1482 193 1555 etiarn
206 1502 250 1553 ex
265 1482 320 1553 his
339 1479 558 1572 ostenditur,
582 1480 682 1571 quod
694 1480 774 1571 quia
794 1480 911 1571 perire
928 1501 992 1554 eos
1004 1482 1147 1575 poffibi-
1236 1564 1239 1570 ,

50 1605 57 1713 p
101 1581 130 1653 le
143 1593 237 1672 erat,
263 1580 399 1652 idcirco
417 1578 690 1652 misericordiam
707 1577 991 1672 consequuntur,
1017 1595 1059 1653 ut
1077 1602 1149 1678 per

50 1678 163 1751 hdr
178 1700 254 1754 non
267 1691 441 1773 pereant,
467 1677 526 1751 sed
547 1680 696 1751 veniant
713 1678 756 1751 ad
775 1676 921 1751 salutem
944 1679 977 1752 dt
1000 1681 1144 1775 piorum

104 1796 196 1873 regna
208 1776 433 1895 poffideant‘d
458 1776 508 1849 Et
527 1776 603 1849 haec
623 1777 763 1869 quidem
784 1776 874 1850 dicia
883 1777 956 1850 fint
976 1778 1143 1855 adversus

105 1894 155 1949 eus
168 1879 226 1970 qui
240 1892 384 1949 naturas
397 1878 511 1949 bonas
528 1879 589 1949 vel
605 1878 711 1949 malas
726 1875 763 1949 id
777 1876 848 1968 est,
874 1888 1054 1971 terrenas,
1080 1880 1145 1953 vel

104 1976 253 2067 spiritales
279 1977 530 2049 commentitiis
553 1975 680 2047 fabulis
706 1975 966 2067 introducunt,
1002 1999 1047 2048 ex
1069 1980 1145 2069 qui·

105 2074 159 2147 bus
178 2072 252 2149 fieri
276 2076 419 2168 dicunt,
454 2088 496 2147 ut
519 2077 582 2148 vel
603 2072 760 2147 salvetur
790 2075 1055 2169 unusquisque,
1079 2077 1144 2150 vel

103 2188 216 2265 pereat

162 2298 192 2367 9.
216 2274 326 2346 Nunc
357 2295 449 2347 vero
474 2271 759 2367 respondendum
791 2271 842 2345 est
867 2273 973 2346 etiam
1002 2274 1056 2347 his
1082 2276 1144 2366 qui

105 2370 206 2447 Deum
222 2376 308 2469 legis
325 2372 455 2466 justum
479 2374 730 2447 tantummodo
751 2372 907 2466 volunt,
941 2392 1017 2446 non
1036 2374 1144 2451 etiam

106 2472 243 2560 bonum,
266 2472 454 2563 quomodo
472 2486 602 2568 putent
628 2495 648 2544 a
672 2472 755 2544 Deo
781 2472 938 2544 indurari
963 2492 1029 2545 cor
1054 2472 1142 2550 Phe

105 2574 207 2645 raonis
233 2572 317 2664 quid
341 2571 497 2644 faciente
521 2574 583 2645 vel
608 2572 692 2662 quid
715 2570 974 2664 prospiciente:
1012 2572 1144 2645 Obser-

50 2713 52 2721 ·
106 2672 224 2746 vandus
244 2670 294 2746 est
319 2672 414 2746 enim
437 2669 641 2767 prosperos
667 2670 875 2744 &intuitus
899 2670 995 2765 Dei,
1020 2670 1143 2747 secun·

1008 2771 1091 2846 dum

308 2928 735 3007 Inarararrarro
769 2953 915 3007 nova.

103 3070 159 3145 rire
169 3071 336 3166 poliunt,
352 3072 435 3145 ideo
448 3071 722 3146 misericordiam
739 3071 1026 3164 consequuntur,
1044 3080 1087 3144 ut
1102 3071 1142 3145 in

50 3202 54 3209 ·
102 3172 326 3262 perditionem
340 3174 377 3244 in
390 3192 493 3263 quam
504 3170 664 3245 incidere
676 3185 831 3265 queunt,
856 3193 932 3245 non
943 3173 1143 3267 incurrant,

50 3334 53 3341 .
78 3324 81 3330 .
101 3266 253 3347 sedsmt'
241 3294 279 3343 rn
293 3292 419 3345 eorum
442 3293 502 3364 qur
492 3270 698 3345 salvantur
715 3273 876 3370 regione.
927 3268 1051 3361 Atque
1064 3272 1141 3345 haec

50 3420 52 3426 ,
100 3370 252 3443 adversus
267 3372 350 3443 illos
368 3370 457 3443 dida
472 3370 550 3446 smt.

161 3494 195 3567 9.
223 3471 464 3583 Quaerendum
478 3484 596 3542 autem
615 3468 664 3542 est
680 3469 761 3541 ab''
738 3490 780 3541 ns
801 3490 860 3560 qur
851 3466 984 3561 illudq·
1008 3470 1142 3540 indura·

100 3574 161 3657 uit,
184 3573 385 3664 intelligere
400 3569 462 3641 srbi
476 3569 669 3661 videntur,
696 3569 779 3661 quid
793 3569 912 3641 dicant
931 3589 951 3640 a
967 3567 1051 3641 Deo
1071 3566 1141 3641 effi·

94 3670 146 3784 iia,
176 3671 260 3761 quid
280 3669 490 3782 prouideri,
527 3690 608 3743 cum
630 3688 695 3740 cor
720 3669 871 3742 indurat.
933 3663 1140 3741 Observent

51 3784 57 3874 j
100 3770 182 3845 enirn
198 3768 271 3843 Dei
288 3770 503 3865 notionem,
535 3788 575 3845 re
597 3769 738 3863 quidem
760 3788 848 3844 vera
859 3764 943 3860 justi
965 3766 1000 3840 dr
1026 3768 1140 3863 boni,

1009 3878 1100 3959 aut,
