2498 4254
273 172 350 251 ou
398 122 740 271 aurucnns,
788 174 963 255 utun.
1066 197 1135 271 151

81 335 177 411 citur
191 335 552 414 accusatrix&testis.
597 340 708 434 Quod
720 339 768 411 ita
782 335 916 411 senfill'e
927 351 1019 433 puto
1031 342 1140 415 etiam

83 432 233 517 Paulum
255 432 457 529 apostolum
477 460 558 511 cum
579 438 691 513 dicit:
720 443 807 508 luter
818 440 853 526 se
875 443 1013 509 invicem
1029 444 1140 534 rogita·

84 535 225 605 tionibus
240 538 480 623 accusantibus,
506 554 564 609 aut
583 547 677 607 etiam
700 539 940 630 defendentibus
956 546 993 609 in
1013 541 1140 636 dicque
1213 588 1217 596 ·

80 636 235 731 judicabit
258 641 347 707 ntus
368 639 487 709 occulta
512 640 700 725 hominum,
731 641 898 724 secundum
927 640 1139 733 Euangelium

85 756 182 804 rreum
199 756 257 827 prr
280 736 391 831 Jefitm
415 738 582 825 Christum.
641 735 694 809 Ex
714 759 786 827 quo
812 738 1019 833 intelligitur
1038 738 1139 831 quod

84 832 307 927 circa-ipsam
323 839 447 911 anima
469 836 693 909 substantiam
710 850 892 910 tormenta
914 839 1072 929 quadam
1091 858 1139 915 ex

85 930 158 1029 ipsu
174 948 413 1025 peccatorum
427 938 546 1008 noxiis
564 935 748 1010 affectibus
761 951 988 1031 generantur.

152 1054 190 1121 5.
220 1030 268 1105 Et
282 1054 330 1105 ne
342 1031 422 1107 satis
433 1036 497 1108 tibi
510 1036 613 1125 hujus
627 1036 678 1107 rei
694 1032 895 1109 intellebius
914 1033 1063 1109 difficilis
1077 1053 1138 1129 ap·

84 1132 468 1223 pareat,·cons1derari
487 1133 647 1227 poisrbile
666 1132 716 1206 est
738 1155 782 1208 ex
800 1135 855 1206 his
874 1133 1069 1227 pastionum
1086 1136 1137 1207 vi·

83 1230 155 1319 tiis,
183 1252 265 1321 quae
280 1234 463 1306 animabus
477 1234 639 1307 accidere
657 1232 793 1322 solent,
821 1232 857 1304 id
876 1228 948 1323 est,
975 1255 1056 1307 cum
1075 1235 1137 1309 vel

81 1326 232 1407 dammis
252 1334 383 1405 amoris
402 1335 560 1405 exuritur
576 1334 712 1422 anima,
739 1334 799 1405 vel
816 1336 908 1423 zeli,
932 1336 993 1405 vel
1009 1334 1136 1406 livoris

80 1426 221 1525 ignibus
247 1443 467 1503 maceratur:
501 1445 562 1503 aut
586 1452 668 1507 cum
694 1433 744 1503 ira
768 1435 939 1526 agitatur,
966 1433 1028 1505 vel
1053 1453 1137 1506 cum

77 1526 247 1617 insaniat,
272 1530 334 1602 vel
351 1528 498 1603 tristitia
517 1531 751 1605 immensitate
776 1531 1016 1622 consumitur,
1042 1544 1136 1623 quo-

75 1626 191 1702 modo
216 1628 345 1701 horum
363 1632 540 1703 malorum
558 1632 761 1705 nimietates
778 1633 949 1720 aliquanti
965 1632 1136 1702 intolera-

75 1724 200 1801 biliter
218 1725 402 1820 ferentes,
428 1742 583 1801 mortem
602 1728 736 1819 subire,
763 1750 867 1818 quam
884 1728 1135 1821 hujuscemodi

74 1826 257 1898 calciatus
294 1830 451 1921 perpeti,
485 1826 706 1901 tolerabilius
738 1829 906 1901 habuere.
959 1829 1135 1919 Requires

77 1920 160 1997 fane
178 1923 202 1997 sr
217 1926 272 1997 his
290 1927 349 2017 qui
369 1929 541 2000 vitiorum
558 1927 659 2000 malis
675 1925 747 1999 istis
764 1948 842 2016 quae
859 1926 960 2020 supra
981 1926 1134 1999 diximus

76 2022 204 2095 irretiti
229 2023 333 2115 sunt,
363 2046 433 2099 nec
459 2025 722 2101 emendationis
746 2024 878 2114 aliquid
902 2026 940 2099 iu
965 2023 1032 2097 hac
1057 2025 1135 2099 vita

75 2122 194 2199 adbuc
210 2124 315 2217 posrti
336 2144 543 2223 comparare
558 2124 695 2199 sibimet
716 2136 934 2217 potuerunt,
964 2121 1068 2197 &ita
1086 2142 1134 2199 ex
1201 2114 1211 2133 '

73 2220 319 2295 boemundo
352 2222 598 2315 obsederunt,
636 2221 784 2298 sufficiat
814 2225 883 2297 illis
913 2222 958 2297 ad
989 2242 1133 2315 poeuam

75 2320 176 2411 quod
195 2322 265 2395 illis
284 2321 364 2419 ipsis
385 2323 657 2417 perdurantibus
684 2323 722 2395 iu
749 2320 784 2395 se
806 2322 925 2396 noxiis
946 2318 1132 2397 affeuibur

77 2422 300 2504 cruciantur,
335 2421 465 2511 idest,
498 2424 664 2512 velita,
696 2424 757 2495 vel
782 2420 932 2513 furoris,
959 2423 1020 2495 vel
1045 2418 1132 2497 insa·

77 2520 168 2611 niae,
195 2522 255 2593 vel
273 2524 455 2614 murone,
480 2542 633 2613 quorum
651 2522 776 2613 utique
788 2520 1014 2598 mortiferum
1030 2521 1131 2594 virus

76 2620 178 2691 nullo
196 2620 235 2691 iu
252 2620 318 2692 hac
334 2622 410 2693 vita
426 2621 686 2695 emendationis
708 2620 972 2694 medicamento
995 2620 1132 2715 mitiga·

68 2726 152 2791 -tum
172 2718 245 2805 est3
271 2740 315 2791 au
334 2720 389 2792 his
407 2717 591 2795 affedlibus
611 2721 806 2809 immutatis
824 2720 998 2815 generalis
1014 2737 1129 2811 poenae

78 2814 221 2893 stimulis
239 2819 477 2896 vexabuntur.
527 2819 598 2892 Sed
618 2818 653 2893 dt
671 2819 772 2893 aliam
789 2816 1042 2911 suppliciorum
1055 2814 1129 2909 spe·

80 2916 167 2991 ciem
186 2918 337 3015 intelligi
358 2919 513 2992 arbitror
532 2916 651 3011 pone,
684 2918 767 3009 quia
783 2917 873 2991 ficut
891 2914 1034 3008 quidem
1053 2912 1129 2989 seu·
1154 2938 1157 2951 ·

81 3016 183 3093 timus
204 3014 506 3111 solutacorporis
532 3018 691 3091 membra
714 3027 821 3107 atque
843 3039 864 3089 a
882 3016 950 3090 suis
968 3014 1128 3087 invicem

80 3112 211 3213 diuulsa
229 3117 460 3211 compagibus
475 3114 636 3191 immensi
650 3115 787 3189 doloris
809 3134 979 3211 generare
994 3112 1128 3184 crucia·
1207 3112 1212 3127 ¹

79 3214 246 3307 tum‚''ita
265 3233 348 3289 cum
361 3216 476 3290 anima
493 3229 593 3289 extra
611 3214 775 3289 ordinem
789 3228 897 3306 atque
915 3231 1127 3305 compagem

77 3315 130 3387 vel
149 3336 229 3388 eam
249 3314 470 3388 harmoniam
486 3335 554 3406 qua
573 3314 617 3387 ad
632 3316 726 3387 bene
745 3313 919 3406 agendum
936 3310 970 3384 u
989 3311 1126 3384 utiliter

76 3408 297 3487 sentiendum
322 3434 341 3485 a
366 3412 453 3487 Deo
479 3426 599 3487 creata
626 3411 700 3497 est,
724 3410 834 3485 fuerit
856 3414 1029 3501 inventa,
1054 3428 1125 3485 noc

74 3510 208 3589 ibimet
223 3510 288 3610 ipfi
300 3513 565 3589 rationabilium
584 3524 750 3587 motuum
767 3512 980 3604 compagine
998 3506 1126 3583 conso·

73 3632 174 3709 nare,
206 3632 350 3708 poeoam
370 3614 637 3702 cruciatumque
657 3610 815 3704 putanda
830 3610 873 3683 sn
892 3606 1124 3701 tuimetipsius

74 3710 321 3801 ferrediffidii‚
347 3710 643 3795 &inconstantiae
654 3708 740 3804 stra,
769 3707 1124 3805 atqueinordinatio·

71 3813 121 3891 nu
139 3812 276 3894 sentire
296 3811 518 3916 supplicium,
564 3813 659 4009 (ἷζυῑ
672 3809 796 3885 anima
813 3806 1122 3981 djff⁰¹⁰llliltlu⁰
