2498 4254
40 29 62 285 Ι·
265 141 345 253 pr
391 82 972 240 rnruc1r11s‚·r„ru.rn
1079 174 1148 230 ω

40 288 64 414 *l
92 346 95 352 ·
117 303 297 403 minantur,
328 308 427 384 simili
449 281 674 403 expositione
693 320 911 405 purgentur,
935 322 978 383 ut
995 330 1061 405 per
1075 310 1152 386 hac

40 418 64 519 [a
115 410 203 483 troius
220 410 448 503 ejusdemque
461 409 532 481 Dei
544 406 744 503 probentur
759 406 827 481 esse
848 410 977 500 quein
992 427 1154 504 utroque

40 504 64 661 ,ἱ
111 504 225 604 scripta
245 502 325 609 sunt
338 508 563 601 testamento.
613 506 683 581 Sed
700 507 743 579 ad
758 508 977 602 propositam
990 510 1151 604 quaestio·

49 665 61 728 ι
109 624 201 705 nem,
226 624 340 703 prout
357 606 563 703 possumus,
590 605 854 682 convertamur.

40 770 55 801 ,.
172 731 229 803 17·
262 708 477 782 Dicebamus
510 710 606 803 prius
636 707 681 779 de
716 706 901 781 Pharaone
934 708 1152 803 disputantes

49 809 52 815 ’
106 804 196 899 quod
225 808 404 883 interdurn
431 809 544 880 curari
579 806 681 878 citius
707 827 783 880 non
810 806 904 881 cedit
927 810 963 882 in
991 812 1150 904 bonurn,

102 908 247 981 maxime
266 909 291 981 sr
310 908 458 981 internis
480 906 673 980 visceribus
695 906 844 980 validius
860 909 1007 981 morbus
1027 908 1152 1005 gralla-

101 1016 154 1106 αι(
173 1006 340 1082 inclusus.
390 1006 498 1079 Unde
516 1006 616 1080 Deus
643 1006 701 1099 qui
729 1008 956 1081 occultorum
982 1011 1153 1105 cognitor

99 1104 172 1199 est,
205 1106 373 1180 &novit
401 1105 564 1180 universa
592 1118 779 1199 antequam
806 1102 919 1200 fiant,
950 1128 1019 1201 pro
1039 1108 1152 1181 multa

98 1202 317 1303 benignitate
336 1205 394 1279 sua
414 1204 534 1278 differt
551 1206 680 1279 horum
699 1208 821 1279 talium
839 1226 959 1301 curas,
997 1206 1152 1282 &medi-

95 1306 210 1378 cinam
229 1308 389 1400 protelat
409 1306 448 1377 in
473 1307 642 1400 longius,
676 1320 808 1399 atque,
841 1320 883 1378 ut
905 1308 956 1379 ita
975 1305 1150 1402 dixerim,
1188 1316 1194 1331 '

93 1420 197 1477 curat
214 1426 279 1476 eos
301 1406 383 1477 dum
397 1425 474 1477 non
487 1420 605 1493 curat,
630 1425 677 1476 ne
691 1426 754 1478 eos
775 1403 944 1502 prospera
959 1404 1084 1480 sanitas
1099 1408 1151 1481 iri·

78 1502 263 1577 -sanabiles
279 1504 415 1578 reddat.
465 1502 628 1577 Poslrbile
645 1524 731 1601 ergo
751 1504 801 1578 est
814 1519 856 1577 ut
874 1504 967 1599 apud
989 1528 1053 1579 eos
1076 1505 1154 1599 qui·

88 1602 160 1677 bus
177 1602 266 1676 foris
282 1604 404 1699 politis
421 1603 570 1677 Domini
585 1604 617 1675 &
632 1601 817 1677 salvatoris
832 1604 944 1680 nostri
961 1605 1075 1678 sermo
1090 1602 1153 1680 fie-

88 1704 182 1796 bat,
210 1723 279 1798 pro
302 1723 349 1776 eo
375 1703 472 1795 quod
493 1702 650 1775 scrutans
669 1703 779 1775 corda
799 1704 832 1775 oz
851 1725 956 1777 renes
976 1706 1152 1797 previde·

87 1802 157 1877 bat
177 1824 241 1874 eos
260 1802 421 1875 nondum
436 1816 540 1896 aptos
560 1801 628 1874 else
648 1801 896 1875 manifestioris
913 1805 1045 1895 eloquii
1061 1805 1152 1879 reci·

85 1920 181 1997 pere
198 1900 419 1994 dodrinam,
446 1901 691 1997 profundioris
712 1902 916 1976 sacramenti
935 1899 1042 1976 fidem
1055 1906 1153 1977 vela·

89 2014 134 2074 to
152 1998 315 2074 sermone
341 2015 570 2098 contegeret:
595 2022 642 2072 ne
659 1999 758 2074 forte
786 2004 963 2074 velociter
985 2002 1152 2077 conversi

88 2120 135 2173 ac
147 2098 272 2192 sanati,
286 2100 322 2172 id
338 2101 400 2194 cst,
417 2115 651 2195 peccatorum
661 2099 802 2173 suorum
816 2100 1015 2175 remissione
1030 2102 1153 2175 celeri·

83 2199 151 2273 'ter
168 2215 335 2293 accepta,
351 2198 456 2274 facile
472 2201 600 2274 iterum
615 2200 652 2271 in
667 2198 828 2279 eumdem
840 2201 1042 2274 reciderent
1055 2206 1152 2275 nior·

88 2300 199 2391 bum,
216 2321 319 2391 quem
336 2298 513 2373 senserant
526 2300 598 2372 fine
622 2300 735 2391 aliqua
756 2297 962 2374 difficultate
977 2312 1151 2376 curatum.

88 2398 210 2499 Quod
219 2395 457 2494 utiquesrfiat,
465 2401 552 2474 nulli
562 2399 707 2473 dubium
715 2397 765 2472 est
773 2399 944 2498 duplicari
952 2400 1151 2497 poenam,&

1016 2501 1101 2575 mali
1137 2576 1143 2589 „

315 2660 742 2736 Iurunrnernrro
777 2681 925 2739 noun.

85 2820 171 2873 non
188 2798 268 2872 sore
288 2800 427 2873 stabiles
451 2799 473 2872 sr
498 2802 610 2873 verba
632 2802 706 2893 ejus
729 2801 946 2875 manifestius
966 2802 1149 2899 audirent,

88 2899 278 2973 versimile.
286 2898 338 2973 est
359 2901 412 2973 ita
430 2922 510 2973 cum
530 2901 597 2972 illis
620 2898 724 2994 egisse
744 2902 940 2975 Dominum
956 2915 998 2973 ut
1022 2904 1151 2997 altiora

86 3020 169 3073 non
190 3016 312 3093 aperte
330 3000 588 3095 intelligerent,
614 3021 661 3072 ne
682 2999 780 3073 sorte
798 3002 947 3075 celerius
962 3002 1149 3097 converfi,

89 3098 127 3171 aa
142 3100 250 3171 venia
261 3115 494 3192 peccatorum
511 3114 659 3192 accepta
675 3094 805 3199 sanati,
832 3103 1005 3173 vitiorum
1024 3102 1151 3188 vulne·

86 3218 130 3270 ra
141 3198 236 3290 quafi
252 3214 377 3271 curatu
391 3199 557 3272 facillima
576 3214 865 3291 contemnerent,
882 3199 1032 3273 &citius
1045 3200 1152 3273 inea·

88 3298 172 3371 dem
192 3298 405 3373 reciderent.
463 3296 627 3372 Fortassis
649 3300 755 3372 etiam
776 3300 1009 3392 praestitutum
1033 3300 1082 3373 eis
1105 3298 1151 3373 ad

87 3399 244 3471 eluenda
258 3419 335 3489 quae
354 3398 519 3470 derelista
534 3400 670 3470 virtute
686 3400 783 3491 prius
802 3394 1010 3471 admiserant
1023 3419 1157 3493 pecca-¹

87 3514 146 3589 ta,
174 3512 315 3589 tempus
330 3498 492 3570 nondum
510 3500 756 3595 expleverant.
809 3498 943 3569 Divina
958 3501 1090 3594 quippe
1110 3498 1151 3571 il·

85 3596 144 3669 los
163 3596 403 3687 dereliquerat
427 3618 511 3668 cura
531 3614 573 3667 ur
588 3592 741 3689 propriis
763 3619 838 3688 que
853 3610 1150 3690 perpetraverant

84 3696 187 3767 malis
211 3694 346 3787 satiati,
379 3695 522 3769 tandem
543 3696 586 3768 ad
605 3694 801 3770 firmiorem
816 3698 1060 3789 penitentiam
1079 3716 1150 3767 vo-

85 3806 280 3890 careatur,
304 3816 375 3871 nec
390 3794 494 3875 facile
515 3795 690 3894 posteain
705 3796 1044 3897 priorareciderent
1062 3808 1149 3885 pec·

1025 3910 1115 3971 tbi-'b
