2498 4254
270 176 348 255 nr
397 162 734 276 eminemus,
777 154 978 256 mair.
1088 152 1187 281 ris

82 343 154 416 bur
177 341 269 415 locis
291 341 509 418 descendisse
525 342 719 438 dicantur,
744 319 866 420 ‘vel'r'n
887 343 1162 435 alias'quasque

85 455 217 541 gentes
241 439 311 517 esse
333 435 506 539 di'spersae.
659 556 662 561 γ

166 765 224 835 23.
249 738 414 822 Fortaffis
433 746 530 820 enim
543 740 635 819 snut
653 737 691 814 hi
711 740 770 833 qui
796 739 842 816 de
859 739 933 815 hoc
950 739 1088 815 mundo
1106 736 1161 816 se·

88 841 247 917 cundum
273 864 505 925 communem
533 854 692 918 mortem
718 839 818 916 istam
845 840 1062 914 recedentes
1090 861 1160 935 pro

90 942 224 1016 astibus
238 940 306 1016 suis
325 944 506 1027 &meritis
521 938 767 1037 dispensantur
781 952 893 1036 prout
909 940 1005 1034 digni
1023 939 1161 1015 fuerint
1182 1016 1188 1028 ,

86 1038 236 1137 judicati
253 1041 337 1142 (*)‚
364 1045 422 1132 aiii
440 1043 584 1137 quidem
600 1042 638 1115 in
658 1041 782 1116 locum
808 1042 871 1133 qui
896 1039 1027 1112 dicitur
1051 1038 1161 1114 infer·
1206 1069 1209 1081 ·

88 1163 178 1232 nus,
198 1143 255 1215 alii
267 1143 305 1215 in
324 1144 435 1218 smum
453 1140 631 1232 Abrahae,
658 1140 767 1235 &per
779 1138 916 1213 diversa
928 1159 1079 1230 quaeque
1092 1140 1156 1214 vel

88 1242 186 1331 loca,
202 1243 263 1315 vel
275 1241 495 1317 mansiones:
520 1244 571 1314 ita
587 1240 695 1314 etiam
711 1261 757 1315 ex
770 1239 941 1327 illislocis
957 1240 1061 1312 velut
1070 1240 1159 1332 illic,
1204 1322 1215 1348 ἢ

89 1340 117 1414 fi
137 1341 207 1413 dici
228 1340 369 1437 potest,
393 1344 619 1432 morientes,
645 1361 665 1415 a
682 1337 817 1433 superis
832 1341 872 1412 in
888 1339 985 1413 hunc
1002 1337 1164 1413 inferum

91 1436 326 1518 descendunt·
370 1442 471 1517 'Nam
488 1443 551 1515 ilie
565 1438 701 1514 inferus
715 1438 760 1515 ad
776 1459 884 1533 quem
898 1437 984 1511 hinc
999 1441 1164 1537 morienq

89 1539 181 1613 tium
213 1541 338 1633 anima
367 1541 573 1634 ducuntur,
608 1539 745 1633 cred0,
777 1540 827 1633 nb
848 1539 941 1611 hanc
966 1535 1162 1611 distinctio·
1194 1600 1198 1605 .

89 1659 175 1712 nem
188 1639 351 1714 infernus
364 1640 548 1716 inferiora
563 1637 736 1734 scriptura
749 1639 978 1730 nominatur,
1003 1636 1093 1711 sicut
1110 1638 1162 1712 dii

93 1739 187 1811 citur
199 1739 238 1812 in
257 1741 415 1835 psalmis:
442 1743 532 1834 Quia
550 1739 690 1836 liberasti
703 1742 846 1810 animam
861 1761 959 1810 meam
975 1762 1014 1808 cx
1030 1737 1161 1831 inferno

91 1836 254 1929 inferiori.
291 1840 552 1932 Unusquisque
563 1858 650 1935 ergo
664 1838 959 1913 descendentium
973 1841 1009 1910 in
1024 1850 1159 1911 terrane

91 1957 162 2031 pro
191 1941 348 2034 meritis,
381 1942 443 2014 vei
471 1941 560 2013 ioco
580 1939 644 2013 suo
673 1959 781 2033 quem
806 1936 857 2011 ibi
876 1936 1071 2030 habuerat,
1097 1934 1162 2011 dis·

90 2035 261 2132 pensatur
269 2040 305 2112 in
320 2043 393 2114 hoc
410 2037 549 2113 mundo
561 2038 600 2112 in
613 2032 762 2115 diversis
777 2040 839 2114 vei
855 2038 973 2128 locis,
998 2039 1060 2109 vei
1075 2059 1161 2133 gen·

91 2136 211 2233 tibus,
234 2140 297 2213 vel
311 2134 1162 2311 conversationibus,.velinfirmitatibusnasci,
1184 2136 1201 2167 ⁸

1049 2258 1097 2312 ve

317 2396 749 2476 Inrrnenrrnrm
786 2420 934 2479 novn.

93 2536 350 2639 gentibus...
378 2541 514 2615 Haecin
523 2536 680 2618 historiis
694 2536 907 2619 delitescere
920 2543 1027 2619 nobis
1038 2543 1167 2620 viden·

94 2649 176 2723 tur;
203 2638 307 2734 fimile
328 2641 425 2715 enim
449 2641 489 2739 eft
517 2665 644 2735 regnum
661 2642 806 2715 coelorrrrrr
822 2644 969 2733 thefiruro
988 2643 1164 2732 abscondito

96 2742 135 2809 r‘n
154 2764 227 2831 agro
249 2764 338 2838 quem
359 2740 417 2838 qui
434 2745 569 2815 invenit
588 2743 677 2814 homo
706 2742 890 2834 abscondit,
916 2743 956 2822 6
965 2765 1030 2842 pra
1049 2746 1163 2841 gaudio

96 2839 187 2908 r'llr'ur
198 2842 311 2927 vadit,
336 2838 377 2917 sb*
391 2843 507 2913 vendit
525 2842 678 2932 univerfir
694 2869 763 2943 qua
775 2844 889 2932 haben,
916 2845 956 2921 (5
967 2849 1044 2915 emit
1055 2870 1163 2940 agrum

95 2940 195 3016 iilum.
248 2937 491 3037 Attendamus
507 2941 615 3038 igitur
629 2962 676 3019 an
693 2964 772 3019 non
794 2944 1067 3038 quodobvium
1090 2943 1162 3038 est,
1194 2979 1199 3005 ·-

95 3037 197 3135 quod
212 3041 329 3139 ornus
348 3042 509 3116 cernitur
529 3037 774 3139 inscriptura,
799 3042 971 3143 quodque
983 3047 1078 3127 illius
1096 3047 1165 3120 ve'·

1093 3145 1163 3225 inti

146 3334 207 3437 (*)
236 3340 285 3413 Et
296 3338 439 3440 forfitan
462 3342 607 3438 quemodo
630 3346 668 3414 r'n
688 3343 740 3442 ifle
761 3346 877 3417 mundo
897 3350 956 3442 qui
976 3348 1165 3429 moriuntur
1195 3387 1200 3393 ’

93 3433 293 3534 separatione
306 3447 413 3513 ca'rnis
425 3441 464 3519 (9¹
478 3447 611 3533 anima,
625 3436 731 3539 'juxta
746 3466 870 3542 operum
886 3448 1103 3538 differentiam
1116 3452 1165 3520 Δί-

97 3540 187 3626 versa
205 3545 288 3638 apud
303 3542 424 3636 inseror
438 3542 587 3615 obtinent
601 3545 688 3621 loca:
710 3547 752 3641 fic
764 3552 820 3645 qui
837 3549 871 3619 de
883 3551 1007 3646 coeleftis
1028 3551 1163 3644 Jerusa„

97 3639 176 3728 lem,
201 3660 239 3713 ut
256 3649 304 3714 ira
319 3645 447 3730 dicam,
472 3645 748 3745 administratione
768 3654 984 3746 moriuntur,
1011 3652 1050 3722 nd
1066 3650 1165 3749 nosses·

98 3743 211 3815 mundi
237 3745 368 3835 inferna
399 3746 605 3833 descendunt,
631 3761 669 3818 ut
689 3768 750 3846 pro
773 3751 931 3847 qualitate
962 3757 1163 3837 meritorum,

98 3843 224 3928 dinerfir
243 3849 281 3914 in
305 3850 402 3917 terris
419 3842 592 3941 poffidennt
609 3848 683 3921 soca.
745 3849 877 3927 Verfio
894 3849 1171 3939 &Hieremias

99 3940 210 4037 Epist.
232 3945 275 4018 ad
292 3945 456 4028 Amisum.
872 3971 879 3981 “
1137 4000 1144 4010 -
1183 3954 1195 3979 “

1223 4026 1244 4133 's
