2498 4254
62 172 131 245 ue
391 149 810 242 ὀιιιιιιιιιιε

80 330 178 403 medie
197 328 369 429 lapidum'
357 352 542 425 igneorum:
565 328 661 428 suisti
680 330 897 403 immaculatus
917 335 1010 404 tuin
1026 330 1135 405 diebus

83 434 171 518 tuis,
195 455 234 500 ex
249 455 310 527 qua
325 432 372 503 die
388 446 509 501 creatus
523 456 554 500 ee
573 446 631 523 tu,
657 433 776 501 donee
763 449 904 503 invente
912 432 1021 521 sunt
1007 420 1135 553 miqui·-

82 548 164 603 tetes
188 534 226 601 in
246 545 297 601 te:
330 556 368 601 ex
385 531 591 602 multitudine
570 536 831 705 &negotiationis
848 549 910 603 tun
928 533 1080 629 replesti
1067 538 1135 604 mi·

83 633 209 729 quitate
227 637 443 728 promptuaria
464 632 609 717 tuen&
627 633 774 731 peccasti,
800 629 840 708 U
855 636 1048 703 vulneratus
1064 656 1135 707 ese

83 746 188 801 munte
207 736 280 801 Dei.
334 732 382 805 Et
398 734 489 828 ejecit
503 747 534 802 te
556 729 676 802 Cherub
693 734 729 801 de
749 732 846 801 medie
861 733 997 831 lepidum
1016 738 1135 829 ignite-

84 850 192 909 eumz·
211 830 388 907 medatem
397 832 438 927 esi
457 856 506 900 eur
527 846 616 902 tuum
638 836 674 901 in
694 830 795 902 decere
811 847 885 921 tue,
922 850 1071 928 corrupte
1092 830 1135 931 ed!

84 926 248 1039 discipline
261 947 317 1002 tue
332 956 397 1000 cum
409 934 648 1027 pulchritudine
660 946 735 1002 tua:
757 947 884 1029 propter
898 932 1135 1003 multitudinem

78 1046 272 1129 peccaterum
288 1046 409 1101 tuorum
425 1036 462 1100 in
479 1049 597 1102 terram
606 1036 724 1128 projeci
740 1046 771 1101 te
785 1056 887 1102 curem
904 1032 1040 1127 regibus.-
1065 1034 1135 1103 dedi

83 1146 116 1201 te
137 1135 174 1199 in
194 1130 427 1227 edentetienem
449 1149 544 1229 etque
563 1132 728 1227 iduſsenem
745 1147 872 1228 prepter
895 1132 1135 1203 multitudinem

81 1244 273 1328 peccaterum
289 1248 416 1299 tuorum
435 1229 474 1305 (i
493 1236 705 1328 iniquitatum
721 1244 876 1316 tuarum,
892 1257 930 1301 ex
948 1237 1135 1325 negociatio-

83 1354 124 1400 ne
142 1344 199 1399 tua
210 1331 345 1427 polluisti
356 1328 470 1416 jeniia
488 1347 553 1404 tua.
608 1334 654 1403 Et
668 1334 815 1403 educam
802 1355 902 1425 ignem
914 1334 950 1401 de
961 1334 1059 1401 medie
1073 1337 1135 1433 tui,

83 1427 123 1507 (ὕ
136 1431 266 1502 comedet
278 1445 323 1506 te,
347 1428 386 1506 (5
399 1429 471 1502 tato
490 1446 521 1503 te
537 1433 575 1500 in
587 1431 720 1505 cinerem
739 1456 774 1502 ac
789 1431 941 1525 davidem
958 1434 1049 1528 super
1070 1448 1135 1502 ter·

83 1554 152 1601 ram
167 1534 204 1599 in
221 1529 377 1625 censpeiiu
399 1536 537 1602 emnium
556 1533 736 1602 videntium
749 1548 799 1618 te,
825 1529 865 1606 θ
880 1556 984 1602 omnes
995 1535 1052 1629 qui
1062 1532 1135 1617 fcie-

41 1628 44 1632 ’
80 1629 161 1700 bant
171 1632 208 1698 in
221 1631 385 1723 gentibus,
411 1632 579 1701 moerebunt
587 1632 647 1728 sup
649 1656 682 1703 er
699 1648 739 1701 te.
794 1632 936 1702 Perditiu
952 1629 1080 1723 effeiius
1095 1658 1135 1719 es,

83 1728 122 1805 ὅ
136 1754 203 1798 nen
214 1729 345 1827 sudstfles
365 1732 488 1802 ultun
475 1757 513 1801 en
527 1749 680 1802 eternum
700 1747 829 1828 tempus
879 1730 967 1805 Haec
988 1754 1071 1805 cum
1085 1732 1135 1807 ita

83 1827 174 1902 dina
187 1828 274 1921 fint,
301 1831 378 1921 quis
399 1830 450 1903 est
465 1853 526 1925 qui
517 1831 712 1923 audiens,
738 1830 940 1925 Signaculum
950 1820 1135 1933 fimiti'tudi

81 1938 148 2017 nis,
162 1927 201 2003 di
214 1954 325 2001 corone
333 1936 471 2004 decern
458 1958 495 2001 en
507 1933 624 2002 dedecus
630 1930 766 2027 paradufi
767 1930 886 2028 fuisit
911 1932 973 2004 vel
989 1926 1135 2005 audiens

84 2029 233 2124 quodex
249 2054 308 2129 quo
320 2050 443 2102 creatus
457 2047 532 2101 estu
545 2056 612 2101 cum
628 2032 828 2122 Cherubim,
825 2034 927 2145 pojui
939 2048 969 2099 te
981 2034 1020 2099 in
1032 2046 1135 2103 mente

80 2128 187 2217 [tentio
210 2134 295 2211 Dei,
328 2132 421 2202 ultra
448 2130 581 2203 sensum
603 2128 700 2202 suum
717 2118 855 2221 poterit
877 2130 1068 2217 relaxare
1093 2142 1135 2202 ut

82 2228 127 2300 de
138 2228 259 2319 ahquo
272 2228 480 2319 hominum
506 2230 567 2299 vel
582 2226 798 2320 ianitorum,
824 2249 901 2301 non
918 2228 1031 2301 dicam
1042 2228 1135 2323 Tyri

81 2322 242 2420 principe
257 2326 333 2399 haec
352 2326 441 2398 ditia
462 2322 530 2399 effe
551 2324 770 2419 suspicetur?
796 2324 875 2400 Aut
890 2348 980 2421 quos
1001 2328 1135 2421 lapides

81 2428 207 2521 igneos
223 2426 386 2519 putabit
412 2425 449 2497 in
468 2446 622 2540 quornm
638 2426 757 2499 medio
772 2428 884 2500 homo
907 2426 1030 2515 aliquis
1047 2448 1135 2505 eon·

83 2522 213 2596 versari
229 2523 390 2616 poterit?
416 2522 494 2597 Aut
507 2527 586 2618 quis
602 2520 846 2598 immaculatus
861 2526 903 2597 ab
914 2523 985 2619 ipsa
996 2526 1053 2598 die
1066 2548 1135 2621 qua

82 2636 223 2697 creatus
242 2623 307 2697 est
293 2624 470 2720 intelligi
485 2626 634 2718 poterit
654 2626 691 2700 in
710 2647 782 2719 quo
798 2623 923 2719 postea
942 2626 1135 2715 aliquando

78 2721 282 2825 injustitiae
272 2746 309 2796 ιιι
325 2720 429 2818 ipso
419 2739 578 2796 inuentae
590 2723 677 2812 fint
702 2725 736 2796 δι
755 2738 842 2796 tunc
854 2726 891 2795 in
906 2739 1036 2795 terram
1051 2746 1135 2818 pro-

78 2800 193 2916 Jeiius
206 2821 275 2898 effe
294 2822 457 2896 dicatur?
481 2820 605 2925 Quod
621 2825 747 2914 utique
763 2820 955 2919 fignificat,
983 2825 1066 2915 qnia
1091 2822 1135 2897 de

81 2944 127 2996 eo
155 2922 303 3014 dicitur,
331 2923 392 3015 qui
418 2944 499 2996 cum
522 2942 598 2995 non
624 2921 744 2995 effet
734 2942 771 2993 ιιι
795 2936 917 3014 terra,
943 2924 979 2994 in
1005 2936 1135 2999 terram

80 3043 160 3115 proJ
154 3020 260 3096 eiius
280 3018 356 3096 est:
383 3043 439 3113 qu
442 3044 484 3094 us
511 3023 617 3095 etiam
635 3020 748 3093 saniia
761 3022 902 3113 polluta
927 3020 995 3093 eise
1015 3022 1135 3095 dicun·

44 3206 48 3213 .
80 3134 150 3194 tur.
202 3122 290 3196 Haec
304 3120 444 3212 quidem
463 3120 506 3192 de
517 3141 676 3213 principe
687 3118 779 3211 Tyri
791 3142 837 3193 ex
855 3120 1034 3213 propheta
1043 3118 1135 3194 Eze-

81 3219 195 3292 chiele
216 3240 295 3312 quae
306 3221 342 3293 in
357 3218 589 3292 adversariam
604 3220 777 3293 virtutem
794 3220 1000 3292 referuntur
1020 3220 1135 3293 osten·

80 3319 219 3409 dimns',
252 3340 317 3411 per
340 3341 420 3412 quae
443 3317 708 3391 manifestiffime
742 3317 1004 3391 demonstratur
1034 3319 1135 3413 quod

79 3414 194 3490 sanita
209 3431 290 3489 ante
313 3420 426 3490 virtus
449 3419 524 3491 haec
538 3417 647 3491 fuerit
665 3417 698 3489 δι
719 3418 850 3510 beata,
875 3417 919 3488 de
940 3438 1009 3510 qua
1024 3418 1135 3491 beati·

79 3516 225 3607 tudine,
259 3536 304 3588 ex
323 3537 396 3610 quo
418 3518 455 3589 in
480 3538 521 3588 ea
544 3517 695 3588 inventa
712 3515 762 3588 est
782 3517 974 3609 iniquitas,
999 3517 1136 3610 ruerit,

79 3616 116 3689 in
139 3629 343 3707 terramque
362 3613 517 3689 demersa
536 3615 604 3708 fit,
632 3615 761 3688 &non
782 3637 848 3708 per
864 3629 1024 3688 naturam
1048 3636 1135 3689 con·

81 3716 327 3805 ditionemque
352 3715 431 3786 talis
458 3712 640 3789 exstiterit.
698 3711 926 3788 Arbitramur
949 3735 1037 3808 ergo
1065 3714 1135 3789 dici

79 3815 156 3893 haec
175 3813 220 3893 de
235 3812 379 3917 Angelo
401 3813 585 3915 quodam,
622 3813 684 3913 qui
703 3811 918 3915 Tyriorum
928 3812 1135 3993 &idida-dis·

939 3937 962 4022 t
