2498 4254
177 272 181 277 .
296 213 970 312 nurslucrrrrs,tre.1.
1037 189 1043 197 ’
1117 241 1160 301 21

102 404 203 475 mus,
241 382 361 457 multis
386 379 494 476 longe
515 379 630 453 modis
652 400 732 453 enm
751 381 935 461 meliorent
959 376 1028 455 ell'e
1050 381 1093 457 ab
1114 400 1162 453 eo

103 482 202 576 quod
214 478 377 553 sensimus
395 477 534 551 necelle
552 477 602 551 cst
617 480 724 563 credi.
780 480 880 553 Sicut
895 480 1026 553 enimsi
1044 478 1164 553 videa·

100 604 177 658 mus
196 583 347 671 aliquem
366 580 431 651 vix
445 577 544 672 polle
559 576 740 651 scintillam
761 579 928 673 luminis,
956 593 1016 659 aut
1031 572 1164 659 brevis·

97 682 219 773 firnael
269 698 363 751 ernae
373 680 492 750 lumen
505 674 673 770 aspicere:
699 676 733 747 dc
750 700 829 750 enm
845 679 945 770 cujus
961 678 1054 752 acies
1077 700 1164 751 ocu·

97 780 220 855 lorum
335 777 476 851 luminis
500 796 628 871 capere
648 790 750 868 quarn
765 776 867 871 supra
886 777 1059 871 diximus,
1087 798 1165 853 non

96 880 227 970 valet,
259 875 451 950 srvelimus
470 876 514 949 de
534 877 694 957 claritate
712 898 753 949 ac
769 875 956 969 splendore
980 874 1062 949 solis
1078 876 1165 949 edo·
1240 938 1244 951 .

97 999 198 1053 cere:
224 997 348 1050 nonne
366 976 555 1069 oportebit
573 996 641 1051 nos
660 976 693 1048 ei
709 973 849 1072 dicere,
876 978 956 1077 quia
973 978 1072 1049 omni
1089 974 1164 1049 ho'e

92 1076 232 1151 lumine
246 1074 345 1166 quod
357 1075 481 1167 vides,
505 1072 732 1148 ineffabiliter
747 1077 780 1147 u
797 1074 1081 1155 inaestimabiliter
1091 1098 1173 1149 rnee

90 1177 166 1252 lior
185 1196 227 1249 ac
240 1172 465 1271 prestantior
482 1172 532 1246 est
545 1174 628 1251 roris
639 1175 804 1267 splendor
813 1175 834 1256 l:
856 1174 911 1248 Ita
929 1196 1027 1251 mens
1042 1171 1165 1273 nostra

92 1296 177 1349 cum
199 1276 294 1346 intra
311 1275 426 1347 carnis
446 1271 667 1375 &sanguinis
692 1274 840 1355 claustra
860 1274 1108 1368 concluditur,
1128 1272 1181 1369 dt,

91 1377 178 1465 talis
186 1374 875 1467 promateriaeparticipationehebetior
886 1388 992 1475 atquc
1001 1374 1164 1455 obtulior

91 1472 270 1564 redditur,
280 1472 367 1545 licet
381 1472 423 1543 ad
432 1472 735 1566 comparationem
749 1489 882 1546 naturae
893 1475 1166 1567 corporeaelon·

91 1594 138 1669 ge
147 1572 355 1667 precellens
366 1571 551 1664 habeatur,
565 1588 683 1653 tamen
698 1573 781 1653 dum
795 1574 838 1646 ad
850 1576 1069 1665 incorporea
1083 1572 1166 1671 niti·

88 1686 153 1747 tur
169 1686 278 1762 atque
295 1689 422 1747 eorum
437 1671 583 1743 rimatur
601 1674 795 1769 intuitum,
819 1686 907 1751 tunc
929 1670 1086 1744 icintillae
1105 1672 1166 1744 ali·

90 1770 194 1863 cujus
217 1782 278 1841 aut
297 1770 451 1847 lucernae
473 1770 538 1842 vix
565 1771 711 1851 obtinet
730 1774 864 1856 locum,
898 1770 902 1775 ’
926 1772 1025 1867 Quid
1036 1784 1165 1847 autern

88 1872 131 1949 in
150 1869 314 1942 omnibus
330 1866 648 1962 intellectualibus,
673 1870 795 1963 idest,
821 1868 1068 1962 incorporeis,
1090 1884 1164 1945 tam

91 1966 259 2067 prestans
273 1969 459 2062 omnibus,
483 1981 556 2041 tam
573 1966 802 2139 ineffapiliter
820 1982 925 2067 atque
944 1966 1162 2041 inestimabi-

91 2066 179 2143 liter
198 2068 424 2162 praecellens,
452 2088 557 2159 quam
582 2066 683 2143 Deus
746 2069 846 2161 cujus
877 2068 1003 2159 utique
1036 2080 1164 2142 nauus

88 2168 169 2241 acie
189 2166 351 2243 humanae
375 2169 503 2243 mentis
530 2167 668 2241 intendi
693 2179 799 2259 atque
819 2168 970 2261 intueri,
999 2166 1161 2263 quamvis

87 2288 131 2343 ea
146 2264 189 2341 fit
202 2266 378 2361 puriliima
392 2288 491 2343 mens
512 2288 553 2338 ac
568 2266 816 2360 limpidillrma,
841 2266 1068 2439 nonfotest.
1225 2262 1247 2294 “’

165 2368 200 2439 6.
225 2366 365 2438 Verum
378 2386 455 2437 non
471 2365 614 2443 videtur
629 2364 837 2461 abfirrdum,
862 2366 887 2438 s1
903 2389 922 2439 a
959 2366 1162 2451 evidentio-

86 2486 165 2541 tern
182 2466 236 2537 rei
255 2462 575 2541 manifestationem
595 2466 702 2536 etiarn
723 2466 792 2539 alia
810 2477 953 2549 utamur
969 2466 1162 2541 similitudi·

88 2584 148 2641 ne.
200 2562 384 2637 Interdum
410 2563 507 2637 oculi
529 2563 640 2637 nostri
662 2562 769 2658 ipsam
786 2580 948 2645 naturam
971 2566 1091 2661 lucis,
1123 2556 1162 2663 ld

88 2660 160 2757 est,
186 2658 413 2741 firbstantianr
437 2662 520 2733 solis
546 2664 678 2744 inureri
701 2684 779 2737 non
803 2663 969 2763 poliunt:
995 2662 1159 2758 splendo-
1201 2725 1208 2743 .

85 2782 162 2837 rem
178 2781 275 2834 vero
299 2762 397 2854 ejus,
422 2763 484 2833 vel
501 2762 622 2834 radios
639 2762 800 2836 fenestris
818 2763 969 2836 forte&
991 2762 1160 2855 quibusli-

90 2861 150 2934 bet
163 2860 339 2940 luminum
357 2860 528 2934 brevibus
545 2862 781 2955 receptaculis
797 2862 934 2944 inllribs
950 2864 1159 2965 intuentes,

92 2960 314 3035 conliderare
335 2958 537 3054 possumus,
563 2960 680 3037 fomes
695 2960 768 3054 ipse
786 2984 828 3036 ac
846 2962 930 3035 fons
946 2976 1098 3053 quantus
1115 2960 1160 3037 srt

90 3061 259 3154 corporei
283 3059 435 3141 luminis,
458 3115 462 3120 .
485 3059 541 3132 lta
567 3058 655 3157 ergo
681 3060 776 3155 quasi
799 3061 888 3144 radii
913 3059 1159 3155 quidam.ssrnt

86 3156 156 3232 Dei
171 3173 331 3252 naturae,
359 3179 471 3253 opera
483 3159 613 3232 divinae
629 3160 869 3258 providentiae
888 3160 921 3232 δι
941 3180 995 3235 ars
1012 3160 1157 3245 univer·

40 3292 42 3299 ·
87 3256 193 3335 fitonis
212 3258 343 3350 hujus,
374 3257 417 3329 ad
441 3263 747 3353 comparationem
766 3254 871 3354 ip'srus
892 3255 1090 3343 substantia
1113 3282 1156 3357 ac

85 3372 230 3433 naturae.
288 3356 385 3456 Quia
406 3377 492 3454 ergo
513 3355 612 3432 niens
640 3357 896 3455 nostra-ipsum
921 3380 985 3457 per
1011 3356 1156 3457 seipiirn

84 3453 203 3531 Deum
218 3456 308 3529 licut
326 3453 377 3533 est
393 3476 468 3528 non
487 3455 608 3551 potest
632 3459 787 3552 intueri,
823 3479 868 3532 ex
891 3458 1156 3563 pulchritudine

40 3580 42 3653 ζ
89 3576 257 3649 operum,
286 3555 473 3630 &decore
492 3570 752 3651 creaturarum,
778 3574 963 3652 parentem
983 3558 1155 3637 univerll·

40 3668 43 3747 l
85 3658 167 3731 tatis
192 3652 370 3748 intelligit.
432 3652 523 3728 Non
540 3676 627 3753 ergo
652 3673 713 3734 aut
733 3678 864 3754 corpus
885 3657 1057 3750 aliquod,
1093 3670 1155 3739 out

85 3756 294 3863 incorpore
314 3750 384 3827 elle
402 3750 578 3847 putandus
603 3754 654 3829 est
677 3756 802 3850 Deus,
828 3755 887 3830 sed
907 3754 1154 3835 intellectualis

88 3866 210 3929 natura
229 3854 406 3951 simplex,
445 3854 530 3934 nihil
552 3850 701 3931 omnino
722 3858 760 3935 in
782 3856 817 3941 ic
838 3854 1083 3963 adjunltionls
1104 3854 1170 3938 su,

179 3982 182 3987 '
602 3957 681 4057 Β3
922 3961 1140 4049 ·ἶῦὶῖῗυῖἷὶῧῖ
1213 3976 1247 4083 ⁸2,
