2498 4254
333 152 947 250 oexoaaaroum
1087 178 1162 271 4⁸7

93 338 215 406 autem
251 333 365 407 vitam
400 346 581 410 eternam.
633 333 794 409 Seminat
826 348 946 407 autem
980 333 1018 408 in
1050 352 1165 411 carne

91 434 155 523 qui
180 433 217 513 in
245 431 433 529 synagogis
460 433 494 505 dc
519 435 610 507 vicis
642 448 684 505 ut
708 436 857 527 gloriam
884 434 929 507 ab
952 435 1164 509 nominibur

90 533 271 624 accipiat,
300 532 567 627 eleemosynam
591 530 681 606 facit
707 535 794 606 tuba
819 544 904 607 ante
927 532 963 608 se
988 547 1163 627 canente,·

88 634 155 702 vel
189 632 249 725 qui
283 646 378 705 amat
409 636 446 705 in
482 633 670 730 synagogis
709 633 744 704 dt
786 635 920 728 angulis
960 635 1161 726 platearum

89 726 186 803 stans
213 752 336 821 orare,
364 746 406 804 ut
431 734 598 807 videatur
622 734 667 806 ab
685 733 915 826 hominibus,
939 731 973 804 dt
993 735 1072 824 pius
1100 730 1163 806 ali}

91 831 178 929 quisi
205 830 239 902 dc
273 829 408 905 sandius
442 833 487 905 ab
522 834 564 904 iis
603 835 663 922 qui
695 832 884 922 viderint,
926 831 1180 909 existimeturi'

90 927 231 1005 Verum
266 934 362 1003 enim
395 952 488 1003 vero
514 934 732 1022 quicumque
764 934 836 1003 lata
863 930 898 1004 dc
930 930 1081 1025 spatiosa
1106 933 1161 1007 ins

91 1026 250 1121 graditur
267 1032 325 1103 via
345 1052 423 1121 quae
441 1030 542 1103 ducit
556 1032 598 1102 ad
613 1033 877 1124 perditionem,
904 1052 982 1123 quae
996 1032 1085 1104 nihil
1098 1032 1161 1104 ha·

93 1127 158 1199 bet
178 1128 285 1216 retii,
316 1128 375 1201 sed
397 1144 477 1203 tota
504 1133 651 1221 obliqua
668 1129 773 1203 est&
797 1130 933 1226 angulis
957 1130 1161 1203 deformata

92 1222 210 1317 (retra
221 1231 317 1302 enim
331 1231 426 1303 linea
441 1232 478 1301 ln
494 1228 565 1321 ipsa
579 1222 791 1321 plerumque
802 1227 910 1303 freda
926 1227 999 1327 est)
1008 1232 1038 1301 is
1049 1230 1160 1303 inilia

89 1323 158 1397 stat
172 1344 250 1400 non
266 1332 380 1419 bene,
406 1332 443 1401 in
462 1330 597 1424 angulis
616 1331 815 1421 platearum
841 1350 967 1420 orans,
994 1331 1030 1401 dt
1050 1330 1160 1401 volu·

90 1426 202 1516 ptatis
219 1440 342 1501 amoee
355 1446 433 1501 non
450 1429 487 1499 in
506 1449 597 1520 una,
612 1427 723 1502 sedin
738 1430 859 1503 multis
879 1427 1161 1520 conssstenaplv

93 1523 181 1609 teis,
206 1527 244 1599 in
270 1526 399 1619 quibus
425 1530 450 1600 ii
476 1528 535 1618 qui
558 1534 740 1600 moriuntur
764 1546 804 1601 ur
829 1524 1161 1617 dominereoquod

91 1642 112 1694 a
147 1624 338 1699 divinitate
371 1625 594 1708 exciderint,
631 1630 817 1701 celebrant
841 1630 1044 1717 beatosque
1069 1626 1160 1699 illue
1227 1624 1231 1631 '

89 1724 286 1815 predicant
302 1746 395 1817 quos
411 1727 448 1798 in
467 1728 596 1819 plateis
613 1728 672 1818 pie
688 1748 793 1821 agere
807 1725 1019 1800 existimant.
1063 1726 1161 1821 Sunt

90 1834 211 1896 autem
246 1827 350 1899 multi
382 1828 442 1918 qui
474 1828 571 1898 inter
595 1827 772 1901 orandum
803 1826 1005 1921 voluptatum
1036 1828 1161 1896 amara-r

91 1928 260 2016 resurgis
285 1950 376 2020 quam
404 1929 469 1996 Dei
493 1925 681 2011 videntur,
716 1938 849 2021 utpote
876 1926 936 2018 qui
961 1924 1088 2000 mediis
1115 1924 1162 1997 iu'

90 2023 331 2096 conviviis&
362 2026 505 2118 poculis
538 2026 627 2097 ebrii
656 2034 774 2101 orant.
823 2026 871 2098 Hi
909 2044 997 2096 vere
1027 2024 1067 2096 in
1091 2036 1161 2096 ren-²

88 2123 180 2217 gulis
209 2124 406 2216 platearum
436 2122 530 2196 stant
562 2122 597 2194 dt
624 2136 743 2200 orant.
795 2126 1029 2222 Quicumque
1055 2123 1155 2199 enim

88 2222 274 2313 voluptati
299 2223 441 2297 deditus
477 2224 591 2313 vivit,
630 2226 809 2316 latamque
835 2224 949 2321 diligit
973 2223 1090 2315 viam,
1122 2222 1155 2294 is
1218 2276 1221 2281 -

90 2322 225 2393 excidit
248 2324 293 2395 ab
319 2322 462 2419 angusta
491 2320 638 2396 &areta
665 2323 748 2421 Jeiu
769 2320 898 2397 Christi
922 2325 981 2396 via
999 2342 1077 2413 quae
1104 2338 1155 2395 ne

87 2421 271 2593 ininirlgalm
299 2424 443 2514 quidem
469 2420 665 2514 flexuram,
698 2424 837 2499 nullum
864 2424 1019 2497 omnino
1047 2438 1156 2518 ungur

103 2540 163 2593 um
210 2534 305 2597 aet.
1150 2532 1158 2549 “

165 2640 223 2695 ao.
251 2621 364 2718 Quod
384 2621 409 2696 sr
427 2642 497 2715 qua
517 2620 568 2695 est
590 2621 749 2696 ecclelia
770 2618 975 2695 differentia
998 2618 1159 2710 &synar

88 2738 214 2815 gogae,
241 2740 323 2792 curn
351 2723 502 2796 ecclelia
525 2724 673 2816 proprie
692 2718 784 2793 uiua
801 2741 873 2795 nec
895 2721 1072 2794 maculam
1092 2717 1159 2791 hae

88 2820 175 2890 beat
199 2840 319 2911 neque
343 2840 464 2916 rugam
488 2834 551 2894 aut
572 2820 808 2913 quinione,
832 2819 893 2893 sed
916 2814 1032 2891 sanna
1055 2816 1098 2889 lit
1116 2814 1159 2889 dc

86 2919 335 3011 inculpabilis,
363 2922 401 2992 in
421 2930 531 3011 quam'
542 2940 620 2993 non
633 2918 832 3016 ingreditur
846 2919 891 2992 de
904 2917 1028 2989 scorto
1044 2926 1158 2989 uatuc

86 3036 208 3108 neque
230 3020 418 3092 eunuchus
437 3021 566 3093 attritis
584 3020 646 3091 vel
662 3019 853 3111 amputatis
872 3015 1063 3105 testiculis,
1088 3034 1159 3089 ner

87 3136 159 3206 que
175 3114 368 3211 AEgyptiua
388 3131 451 3191 aut
466 3119 664 3211 Idumam,
689 3118 880 3209 exquibus
901 3117 960 3207 qui
981 3116 1056 3189 nati
1071 3112 1155 3188 fue<

85 3217 162 3288 rint
182 3218 244 3287 vix
262 3219 376 3289 tertia¹
397 3220 634 3313 generatione
652 3229 830 3311 poterunt
856 3214 1016 3289 ecclesiae
1041 3220 1156 3307 coep}

85 3319 177 3405 tari,
203 3336 325 3407 neque
357 3316 544 3390 Moabitea
575 3329 637 3389 aut
659 3313 890 3388 Ammonites
921 3312 986 3387 nili
1012 3312 1157 3405 decima·

84 3417 275 3510 generatio
295 3416 443 3509 impleta
462 3416 505 3488 srt
524 3415 558 3487 δι
578 3415 744 3488 seculum
764 3412 946 3488 exailum:
971 3412 1156 3507 synagoga-

85 3534 180 3586 vero
208 3510 381 3587 edificata
399 3515 488 3588 srva
509 3516 725 3588 centurione
751 3515 918 3603 quiante
941 3509 1069 3585 Christi
1092 3510 1154 3582 ad·¹

85 3624 241 3687 ventum
262 3614 335 3685 hoc
356 3614 533 3708 faciebat,
560 3634 642 3687 cum
660 3626 781 3687 tamen
803 3612 967 3685 nondum
989 3608 1152 3685 testimo·

86 3713 186 3784 nium
209 3712 402 3806 accepilset
425 3708 512 3787 fidei
534 3712 734 3805 eiusmodi,
759 3723 928 3803 quantam
954 3728 1026 3782 nec
1043 3710 1081 3779 in
1103 3703 1151 3779 Is-

85 3812 163 3885 rael
175 3812 319 3887 invenit
334 3810 428 3889 filius
442 3811 538 3889 Dei:
559 3814 633 3989 ξῐιιιὶ1
647 3824 743 3887 amat
765 3812 804 3887 in
823 3807 1011 3915 synagogis
1020 3824 1151 3979 gage,

657 3933 682 4005 4
