2498 4254
315 179 411 257 DE
461 166 973 289 OURATIO'NEF
1076 203 1166 281 539,

85 290 178 416 &in
193 340 333 435 psalmis
354 342 387 415 ἀ
409 345 503 439 apud
524 342 672 418 Paulum
688 345 726 417 in
744 342 893 439 epistola
908 342 952 417 ad
970 342 1150 419 Hebraeor
1176 330 1179 341 ¹

86 443 161 516 dici
183 439 415 535 suspicamur:
440 446 478 516 in
500 442 661 537 psalmis,
686 443 763 516 sicr
781 446 975 516 Midrarnn‘
997 450 1035 517 r'rr
1053 446 1151 516 arulis
1190 502 1195 513 .

85 547 173 636 ruis,
199 557 355 640 tanquam
371 544 435 614 dr'es
454 543 614 640 besterna,
640 570 707 641 quae
719 550 896 640 prateriis:
921 544 1021 636 quod
1044 542 1150 618 estil·
1201 542 1207 559 ⁸

85 643 149 715 lud
170 645 314 716 celebre
345 662 522 717 annorum
544 645 714 735 milliare,
748 656 1047 736 comparaturque
1078 643 1151 719 diei
1236 712 1240 719 .

83 739 260 814 hestemae
288 743 331 814 ab
352 741 529 815 hodierna
560 740 739 818 distindlae.
790 742 900 843 Apud
928 742 1151 836 Apostolum

87 855 209 913 autem
228 839 398 933 scriptum
417 839 491 915 est:
520 844 617 938 Jesur
641 842 787 940 Cbrr‘flur
801 843 873 912 luri
890 841 929 919 (5
946 845 1038 913 hodie
1049 865 1063 929 ‚·
1089 845 1151 939 ipse

86 936 128 1015 ὅ
152 945 188 1008 in
209 941 332 1027 facula.
402 939 484 1014 Nec
511 943 639 1014 mirum
663 941 748 1015 Deo
778 940 943 1019 saeculum
970 945 1174 1036 integrum,

85 1039 193 1111 unius
210 1037 409 1112 nostrarum
432 1039 570 1114 dierum
586 1042 701 1134 spatio
725 1043 957 1137 computari,
983 1041 1151 1134 equidem

87 1141 125 1211 dc
148 1139 278 1212 minori
305 1140 469 1214 arbitror.
520 1137 803 1214 Examinandum
828 1143 935 1215 etiam
963 1138 1016 1213 est
1039 1160 1083 1213 an
1106 1136 1151 1213 ad

88 1235 215 1310 saecula
236 1238 439 1311 referantur
460 1259 538 1330 quae
566 1238 612 1311 de
635 1237 732 1311 festis
750 1238 784 1311 dr
804 1241 958 1313 coetibus
982 1239 1152 1312 dicuntur
1231 1244 1235 1253 '

87 1356 154 1430 per
178 1336 253 1409 dies
282 1335 477 1412 &menses
499 1338 535 1410 dr
564 1352 729 1432 tempora
754 1337 789 1411 dr
815 1359 932 1412 annos
954 1335 1150 1431 descriptis.

88 1433 126 1506 Si
146 1437 242 1508 enim
265 1439 427 1510 umbram
453 1438 565 1511 habet
587 1439 648 1549 lep
667 1439 895 1531 futurorum,
931 1436 1075 1512 necesse
1100 1435 1160 1511 est¹

88 1536 203 1610 multa
227 1536 288 1608 illa
311 1534 454 1609 sabbata
472 1538 669 1611 multorum
696 1535 766 1610 effe
791 1538 929 1610 dierum
964 1539 1151 1629 umbram,

88 1633 328 1707 &novilunia
354 1637 462 1708 certis
487 1650 693 1728 temporum
717 1636 918 1709 intervallis
943 1657 1152 1729 recurrere,

89 1735 184 1806 lunae
208 1732 331 1806 nescio
349 1735 461 1826 qualis
489 1754 570 1808 cum
596 1732 752 1826 quodam
778 1732 1152 1827 solo-conjunctione.

90 1833 128 1904 Si
146 1852 238 1903 vero
259 1833 443 1926 &primus
464 1833 618 1923 mensis,
644 1833 835 1907 &decima
848 1835 924 1925 ejus
947 1834 1022 1907 dies
1035 1854 1152 1927 usque

91 1930 136 2002 ad
152 1930 325 2004 decimam
344 1943 524 2025 quartam,
551 1932 585 2004 dt
602 1952 814 2024 azymorum
834 1932 962 2006 festum
977 1955 996 2005 a
1012 1933 1152 2009 decima

90 2041 216 2119 quarta
237 2029 280 2103 ad
296 2030 498 2127 vigesrmam
516 2033 664 2125 primam
683 2034 844 2106 umbram
867 2033 1037 2106 continet
1057 2032 1154 2107 sutu-

89 2149 240 2203 rorum:
272 2133 350 2221 quis
373 2131 424 2201 ita
442 2130 579 2224 sapiens
598 2129 734 2204 &Deo
756 2131 891 2206 amicus
913 2130 1025 2204 estut
1045 2135 1153 2226 pluri·

89 2249 232 2303 morum
262 2229 434 2303 mensum
459 2232 612 2323 primurn
638 2231 778 2317 videat,
813 2229 849 2302 dr
875 2232 950 2323 ejus
976 2230 1154 2307 decimam

91 2327 207 2421 diem,
233 2328 267 2400 dt
289 2350 367 2420 quae
388 2327 612 2420 sequuntur?
646 2329 744 2425 Quid
760 2348 854 2403 vero
870 2352 928 2404 me
950 2329 1071 2404 dicere
1089 2350 1153 2405 ne·
1222 2348 1237 2391 ’-

90 2427 185 2500 cesse
205 2426 256 2500 est
271 2428 316 2501 de
335 2426 427 2500 festo
445 2427 582 2523 septem
601 2429 906 2504 hebdomadarum
930 2430 1091 2525 dierum,
1114 2431 1169 2505 δι’

91 2528 136 2600 de
153 2525 273 2601 mense
298 2528 473 2622 septimo,
499 2532 599 2623 cujus
622 2530 853 2603 novilunium
875 2531 951 2604 dies
981 2528 1033 2603 est
1052 2531 1153 2605 tuba·

89 2645 190 2712 ruma
224 2626 300 2699 dies
335 2643 455 2701 autem
487 2630 642 2714 decima,
676 2628 753 2700 dies
782 2626 835 2701 est
863 2628 1154 2722 propitiationirr

92 2744 171 2816 quae
188 2722 253 2797 soli
273 2739 363 2799 nota
386 2726 468 2799 sunt
484 2729 537 2800 illi
556 2731 617 2818 qui
639 2747 682 2800 ea
707 2725 821 2800 sanxit
839 2726 955 2801 Deo?
989 2731 1081 2824 Quis
1102 2750 1152 2803 eo
1230 2744 1235 2755 ’

91 2823 203 2913 usque
218 2822 292 2895 Dei
310 2838 469 2899 mentem
487 2829 609 2920 cepit,
633 2839 676 2898 ut
691 2823 828 2918 septem
842 2847 958 2900 annos
974 2829 1152 2901 libertatis

91 2922 329 2996 Hebraeorurn
345 2923 551 3016 servorum,
576 2923 785 2998 remissronis
802 2926 879 2997 aeris
894 2928 1024 3020 alieni,
1049 2946 1153 3000 vaca·

91 3023 276 3112 tionisque
296 3043 315 3094 a
334 3035 436 3097 terrae
449 3021 573 3096 sandlae
586 3026 725 3096 cultura
739 3024 942 3118 percipiat?
966 3018 1029 3099 Est
1044 3030 1154 3101 etiam
1213 3018 1218 3034 '

91 3121 195 3215 supra
217 3122 353 3215 septem
379 3143 556 3197 annorum
582 3122 731 3217 festum,
763 3125 795 3196 is
818 3126 880 3216 qui
905 3125 1039 3198 dicitur
1055 3127 1152 3218 pubi·-

91 3223 191 3295 leus:
218 3220 262 3293 de
281 3242 355 3313 quo
379 3225 488 3297 etiarn
510 3236 709 3316 utcumque
728 3221 884 3317 speciem
901 3222 966 3299 fibi
983 3222 1154 3322 effingere

90 3319 338 3416 perspicuam,
377 3335 440 3394 aut
460 3324 536 3415 ejus
556 3324 655 3418 leges
679 3323 870 3414 quomodo
894 3342 984 3397 vere
1002 3327 1152 3420 implen-

92 3422 146 3492 dae
162 3422 229 3494 sint
241 3423 468 3516 intelligere,
492 3423 625 3494 nullius
643 3419 693 3495 est
713 3434 844 3514 praeter
861 3443 944 3496 eum
964 3426 1025 3514 qui
1040 3429 1152 3519 patria

92 3523 322 3593 voluntatem
338 3521 381 3593 de
400 3521 561 3594 omnium
580 3518 812 3616 dispositione
827 3517 1037 3597 seculorum
1048 3527 1153 3617 juxta

93 3620 331 3692 inscrutabilia
355 3621 430 3712 ejus
455 3620 642 3712 judicia&
666 3618 932 3715 investigabiles
960 3624 1039 3695 vias
1062 3644 1155 3697 con·

93 3721 285 3811 templatus
309 3720 361 3794 srt.
411 3718 512 3812 Saepe
532 3719 618 3793 mihi
639 3722 772 3793 oborta
790 3720 969 3794 dubitatio
985 3721 1037 3793 est
1057 3725 1152 3796 duos

93 3816 261 3913 Apostoli
288 3830 409 3894 textus
440 3818 669 3914 conserenti,
694 3820 893 3913 ⁸quomodo
914 3820 1151 3989 columnatio

977 3938 1064 3989 neu
1072 3938 1120 3986 n-
