2498 4254
283 148 424 226 nt
474 145 922 234 ons'rtouu.
1027 130 1214 277 'sss

97 312 160 390 stis
180 314 293 391 ttibus
315 312 398 389 satis
416 312 535 387 fimilae
553 304 668 388 fadlos
684 311 942 390 subcinericios
955 331 1088 406 panes,
1112 334 1163 387 ne

96 414 196 488 forte
219 414 396 487 beenon
419 413 538 505 nude,
565 412 625 487 sed
655 411 807 509 figurate
828 406 920 485 dicta
945 408 1033 504 sint,
1060 413 1161 504 quod

95 510 203 586 sandti
224 511 356 607 poilint
384 511 576 607 spiritalem
597 515 884 603 rationalemque
912 512 1033 585 cibum
1059 531 1160 587 com·

95 614 281 686 manicare
299 633 377 685 non
393 612 600 687 bominibus
616 613 714 706 solis,
740 610 800 686 sed
818 610 852 683 dt
870 610 1000 684 divinis
1018 613 1163 686 virtuti·

95 713 183 799 bus,
209 712 271 786 aut
281 712 324 784 ad
335 704 491 806 ipsorum
503 713 696 787 utilitatem
704 748 729 807 ,a
743 724 806 786 aut
816 724 858 782 ut
871 708 1063 784 ostendant
1080 731 1182 803 quae

94 809 160 884 sibi
183 831 392 904 comparare
414 824 618 905 potuerunt
642 811 688 885 ad
718 810 950 885 nutriendum
978 808 1159 903 aptiffima.

95 908 282 983 Laetantur
298 908 482 984 scilicet&
500 906 777 1009 alunturangeli
793 909 969 1000 ejusmodi
987 907 1160 983 ostensio-

94 1027 166 1101 ne,
192 1010 462 1102 paratioresque
481 1006 575 1084 fiunt
592 1022 634 1083 ut
652 1009 867 1084 omnimodo
884 1008 1058 1102 deinceps
1081 1010 1160 1082 coi.

94 1106 314 1181 laborent&
331 1111 540 1204 conspirent
564 1130 639 1201 quo
661 1111 764 1203 plura
789 1107 823 1180 tr
843 1110 978 1200 majora
993 1127 1159 1201 compre·

93 1207 231 1280 hendat
246 1209 276 1281 is
296 1209 355 1300 qui
371 1208 553 1303 prioribus
568 1209 632 1282 libi
651 1210 867 1304 comparatis
892 1208 1074 1280 altricibus
1094 1207 1159 1280 dis·

92 1304 430 1401 ciplinislaetificat‚
456 1306 514 1402 tr,
539 1321 580 1383 ut
594 1311 645 1382 ita
665 1307 804 1395 dicam,'
823 1308 937 1381 nutrit
960 1306 1056 1380 illos.
1082 1305 1158 1379 Ne·

93 1426 165 1496 que
186 1426 278 1480 vero
296 1409 424 1483 mirum
441 1404 492 1482 est
506 1409 654 1506 angelos
671 1410 716 1482 ab
730 1408 880 1483 homine
894 1407 1044 1496 nutriri,
1071 1425 1156 1481 cum

93 1506 203 1581 etiam
221 1504 379 1580 Christus
394 1506 549 1582 fateatur
569 1506 605 1580 se
626 1506 717 1583 stare
740 1506 785 1580 ad
814 1505 943 1580 ostium
965 1503 999 1576 tr
1018 1504 1157 1597 pulsare

90 1617 134 1676 ut
149 1605 262 1697 intret
275 1604 318 1679 ad
333 1607 434 1681 illum
450 1608 510 1700 qui
525 1607 587 1681 libi
602 1607 797 1701 aperuerit,
811 1604 845 1679 u
860 1617 980 1677 coenet
990 1624 1073 1679 cum
1087 1605 1156 1678 illo

91 1726 137 1775 ex
149 1704 203 1776 his
220 1726 298 1796 quae
315 1707 376 1779 ille
393 1707 524 1799 habet,
548 1707 694 1779 daturus
710 1703 785 1798 ipse
796 1702 923 1797 postea
940 1703 985 1776 de
997 1704 1156 1799 propriis

89 1805 242 1885 bonisei
253 1807 313 1895 qui
325 1806 427 1897 prior-
438 1803 552 1881 filium
564 1804 636 1877 Dei
646 1824 715 1900 pro
728 1803 959 1877 facultatibus
971 1803 1154 1876 convivio

91 1904 289 1993 exceperit.
313 1902 425 1999 Igitur
441 1909 501 1996 qui
512 1902 747 1979 substantialis
756 1904 859 1997 panis
874 1902 1156 1995 participatione

90 1998 287 2075 confirmer
319 2000 528 2094 corsuum,
553 2000 649 2107 filips
670 2000 742 2077 Dei
763 1998 938 2077 efficitur:
957 2015 1001 2073 -at
1023 2000 1084 2091 qui
1106 1997 1154 2073 de

90 2104 251 2174 dracone
288 2100 470 2193 comedit,
504 2121 584 2176 non
618 2102 707 2176 alius
741 2100 793 2175 est
824 2120 931 2192 quam
963 2096 1154 2193 spiritualis

88 2196 276 2294 AEtbiops,
302 2223 368 2294 per
380 2200 547 2276 draconis
561 2203 712 2295 laqueos
723 2212 881 2275 mutatus
897 2196 1017 2295 &ipse
1032 2199 1070 2272 in
1085 2196 1154 2271 ser·

88 2313 255 2394 pentem:
281 2313 322 2372 ut
342 2323 362 2373 a
384 2303 501 2375 verbo
518 2301 582 2374 fibi
601 2300 864 2395 exprobrante,
891 2298 955 2375 etsi
976 2296 1155 2397 baptizari

86 2400 125 2474 se
146 2401 244 2473 velle
264 2399 386 2494 dicat,
414 2401 599 2493 auditurus
621 2401 682 2475 stt:
706 2403 894 2498 Serpentes,
914 2403 1076 2498 progenies
1098 2402 1171 2468 vi·'
1201 2482 1203 2486 ι
1231 2470 1235 2495 ι

82 2522 258 2597 perosum,
282 2506 355 2597 quis
376 2500 600 2599 demonstravit
617 2501 706 2573 vobis
730 2500 877 2596 fugeres
901 2516 1041 2573 ventura
1070 2490 1152 2575 ira?
1242 2516 1246 2525 '

87 2599 204 2672 Porro
225 2602 269 2673 de
285 2600 452 2674 draconis
469 2620 627 2697 corpore
646 2602 690 2674 ab
706 2598 943 2694 AEthiopibus
960 2596 1152 2673 manduca·

88 2712 130 2769 to
151 2700 227 2770 haec
248 2701 296 2771 ait
313 2698 460 2792 David,
489 2701 684 2797 Contrivrfli
697 2705 804 2796 capita
820 2702 990 2772 draconum
1004 2703 1041 2768 in
1054 2722 1151 2795 aqua.

92 2791 144 2871 Tu
168 2798 347 2894 contrivisti
372 2803 476 2895 capita
500 2802 671 2872 draconis:
702 2800 813 2899 dedisti
829 2825 897 2872 eum
915 2800 1010 2890 escam
1024 2797 1151 2895 populis

86 2897 309 2994 AEtbiopibus.
361 2899 475 2993 Quod
495 2899 521 2972 st
549 2921 627 2974 non
649 2911 826 2997 repugnat
852 2919 934 2973 cum
959 2895 1054 2986 filius
1077 2894 1169 2987 Dei,

86 2995 361 3070 substantialiter
377 2995 556 3090 subsistat,
579 2995 736 3072 subsistat
750 2998 785 3070 &
803 2998 1044 3089 adversarius,
1069 2996 1151 3090 illo·

85 3118 165 3169 rum
190 3111 381 3188 utrumque
401 3092 472 3170 effe
492 3098 700 3171 alimentum
717 3099 811 3171 illius
837 3111 899 3171 aut
924 3098 1036 3187 illius,
1063 3092 1150 3185 quid

86 3197 276 3270 admittere
292 3215 461 3270 veremur
480 3198 518 3269 in
534 3197 701 3271 omnibus
724 3195 962 3290 potestatibus
983 3194 1056 3268 five
1076 3214 1152 3267 me·

84 3299 197 3370 liores
209 3297 279 3369 illae
292 3294 444 3371 stntilve
463 3296 683 3388 deteriores,
710 3296 790 3369 &in
804 3297 1011 3369 bominibus
1027 3294 1148 3389 etiam,

85 3394 187 3489 polle
216 3415 509 3488 unumquemque
531 3393 692 3470 nostrum
718 3395 772 3468 his
798 3397 966 3470 omnibus
992 3388 1149 3497 nutriri?

85 3494 218 3595 Petrus
226 3517 307 3569 cum
319 3496 526 3570 centurioni
539 3494 718 3568 Cornelio
728 3495 843 3586 iisque
855 3495 914 3588 qui
926 3492 1025 3567 stmul
1043 3502 1149 3564 erant

87 3593 254 3667 Caesareae
270 3599 501 3692 congregati,
527 3595 856 3668 communicaturus
871 3590 978 3687 eliet,
1004 3604 1149 3687 gentes·

87 3715 157 3784 que
175 3694 300 3787 postea
315 3693 512 3771 verborum
532 3693 604 3767 Dei
619 3695 815 3790 participes
836 3692 1011 3784 nuums,
1031 3715 1091 3759 vas
1105 3690 1165 3760 il-'

86 3794 148 3867 lud
168 3796 256 3869 vider
272 3812 418 3909 'quatuor
432 3799 544 3870 initiis
559 3794 795 3911 fulminumdf
816 3795 885 3868 calo
906 3799 944 3864 irs
968 3813 1028 3892 quo
1049 3804 1149 3904 erent

636 3890 692 3967 Ll
716 3915 744 3986 4
994 3912 1109 3960 sunau
