2498 4254
257 192 334 270 nu
369 156 718 289 enni'cnns,
767 184 871 272 nn.
896 185 964 271 nr.
1068 136 1141 291 ¹gai

86 366 170 431 tota
189 356 248 432 die
259 358 388 452 jaceat.
438 356 556 433 Sed&
573 356 671 448 quod
689 359 760 430 ait:
786 362 867 432 Non
881 356 991 433 levare
1009 382 1089 430 onus
1106 362 1143 431 in

85 459 136 528 de
151 459 286 545 laliaci,
312 459 521 554 impoffibile
536 457 789 536 anihividetur.
841 453 897 529 Ex
912 459 966 532 nis
984 459 1079 533 eninr
1097 458 1141 535 ad

85 556 225 631 fabulas
242 556 423 645 infinitas,
448 558 537 632 ficut
560 556 695 633 fannus
714 556 912 651 Apostolus
937 557 1055 649 dicit,
1080 556 1145 655 Ju-

87 657 247 730 daeorum
264 658 431 732 dodones
453 658 618 732 devoluti
638 657 741 751 sunt,
765 658 930 732 dicenter
944 676 1023 731 non
1036 676 1143 751 repu·

87 758 157 829 tari
187 777 280 830 onus
314 757 339 832 sr
374 759 615 832 calceamenta
654 760 732 849 quia
757 756 888 832 habeat
911 752 985 831 fine
1011 756 1145 851 clavia,

89 876 184 929 onus
208 878 298 930 vero
316 857 424 931 eliesr
448 859 615 953 caligulas
641 859 718 949 quis
740 874 821 931 curn
838 856 949 929 clavia
966 857 1142 933 habuerit.

88 951 140 1027 Et
160 955 185 1029 ir
205 958 346 1048 quidem
363 957 464 1050 supra
480 976 592 1029 unum
616 956 801 1030 humerum
823 956 954 1047 aliquid
974 970 1144 1047 portave-

87 1057 149 1226 niti,
176 1075 268 1127 onus
276 1056 459 1147 judicantz
482 1055 610 1130 livero
620 1052 722 1151 supra
732 1067 936 1149 utrumque,
961 1056 1147 1152 negabunt

89 1174 161 1227 ee
195 1176 300 1230 onus.

170 1263 224 1334 18.
249 1255 325 1349 Jarn
342 1276 434 1328 vero
448 1253 471 1329 n
487 1255 593 1330 etiarn
607 1252 653 1328 de
668 1249 878 1351 Evangeliia
893 1252 1013 1328 srrnilia
1029 1254 1146 1345 requi·

88 1374 231 1444 ramus,
259 1356 447 1445 quomodo
464 1374 542 1428 non
554 1354 736 1427 videbitur
751 1350 954 1439 absurdum,
980 1353 1007 1426 fi
1024 1352 1146 1429 secun·

90 1454 178 1529 dum
201 1455 339 1526 literam
360 1453 530 1527 sentiatur
553 1453 652 1546 quod
668 1451 816 1526 dicitur:
844 1456 1011 1524 Neminem
1033 1458 1069 1521 in
1087 1456 1146 1525 via

85 1549 338 1645 salutaverim?
370 1552 455 1625 Hoc
479 1555 575 1626 enirn
600 1564 729 1646 putant
755 1551 986 1645 snnpliciores
1013 1552 1147 1643 quique

89 1652 317 1727 Salvatorern
331 1650 489 1724 nostrurn
504 1649 690 1746 Apostolis
705 1649 920 1744 praecepisse.
972 1650 1042 1723 Sed
1058 1650 1091 1723 dc
1106 1652 1147 1727 ii·

90 1754 155 1827 lud
169 1751 355 1844 quomodo
365 1750 524 1842 pollrbile
540 1750 721 1824 videbitur
736 1748 931 1842 observari,
947 1752 985 1822 in
996 1751 1049 1823 his
1061 1768 1147 1839 pra·

92 1856 201 1944 cipue
217 1852 309 1923 locis
324 1850 387 1921 ubi
402 1853 571 1924 acerrima
588 1850 713 1941 hyems
730 1849 903 1943 gelicidiis
917 1847 968 1921 est
983 1848 1014 1919 ἃ
1028 1846 1148 1943 aspera

95 1951 253 2046 pruinis,
277 1962 319 2019 nt
336 1969 456 2038 neque
471 1948 556 2021 duaa
578 1950 738 2038 tunicae,
764 1966 885 2039 neque
906 1950 1151 2021 calceamenta

95 2051 176 2139 quis
197 2048 329 2123 habere
350 2047 511 2120 debeat?
543 2045 613 2121 Sed
634 2046 667 2117 dr
688 2046 775 2119 illud
794 2047 893 2137 quod
909 2048 946 2119 in
965 2047 1148 2121 dexteram

94 2150 174 2240 quis
187 2149 363 2220 maxillam
375 2145 559 2239 percuil'ua
574 2145 733 2239 praebere
747 2147 854 2222 etiarn
868 2144 1035 2219 sinistram
1045 2145 1148 2237 iube·

91 2262 175 2338 tur,
202 2267 284 2319 curn
304 2247 421 2318 omnis
436 2248 496 2336 qui
512 2246 671 2339 percutit
684 2247 808 2318 dextra
824 2266 954 2335 manu,
980 2240 1149 2322 finistran

92 2347 275 2443 percutiat
287 2342 487 2419 maxillam?
513 2343 583 2421 Sed
597 2344 630 2417 δι
646 2344 734 2417 illud
750 2344 796 2417 de
811 2342 1077 2438 inpoilibilibus
1089 2344 1150 2419 ha·

92 2447 254 2521 bendum
280 2440 454 2535 estquod
479 2447 517 2518 in
541 2442 742 2540 Evangelio
768 2441 938 2537 scriptum
963 2442 1035 2529 est5
1055 2443 1150 2517 utfi

94 2545 225 2622 oculus
237 2543 362 2616 dexter
372 2541 664 2618 scandalizaverit
678 2540 735 2634 te,
760 2554 924 2617 eruatur:
948 2543 1151 2635 qniaetianr

93 2646 324 2739 srponamur
345 2642 443 2733 quod
468 2644 513 2717 de
538 2645 653 2716 oculis
690 2642 890 2716 carnalibus
923 2639 1051 2716 dilium
1078 2640 1151 2735 cst,

85 2739 285 2837 quomodo
319 2740 543 2837 consequens
578 2742 761 2815 videbitur
782 2754 824 2815 ut
849 2742 962 2815 oculo
993 2752 1151 2831 utroque

96 2854 297 2932 cernente,
330 2841 373 2912 ad
395 2863 505 2915 unum
526 2836 679 2913 scandali
700 2840 829 2933 culpa,
855 2839 891 2913 dc
908 2838 981 2913 hoc
998 2838 1042 2911 ad
1065 2838 1152 2913 dex·

94 2955 192 3021 trum
207 2938 408 3015 resecatur?
432 2942 511 3016 Aut
525 2940 604 3033 quie
621 2950 721 3014 extra
736 2940 928 3015 maximum
941 2938 1076 3015 crimen
1092 2939 1153 3021 ha·

1000 3037 1101 3115 bebi·
1244 3080 1247 3094 ι

319 3198 745 3279 Iurearrrrnrro
781 3218 929 3275 nour.

95 3354 376 3419 naturamancus
388 3340 508 3437 fuerit,
528 3342 675 3417 dextera
684 3358 791 3415 manu
799 3336 966 3414 finistrarn
975 3337 1153 3419 maxillam

96 3440 214 3519 feriat.
264 3437 394 3536 Neque
404 3440 522 3536 potest
537 3456 582 3516 ex
597 3440 799 3537 Evangelio
814 3440 949 3536 percipi
963 3458 1035 3533 quo
1047 3438 1152 3535 padio

100 3545 226 3614 denter
246 3542 373 3615 oculus
402 3539 592 3615 offensioni
613 3542 667 3614 fit.
717 3534 772 3611 Ut
793 3540 888 3612 enirn
913 3538 1153 3613 concedamus

99 3640 200 3734 polle
226 3645 423 3736 quempiam
450 3638 608 3714 videndo
633 3638 857 3712 scandalizari
884 3654 947 3711 cur
973 3654 1054 3712 curn
1079 3638 1154 3711 duo

102 3742 201 3812 oculi
218 3742 383 3833 videant,
411 3742 541 3815 crirncn
554 3743 591 3814 in
603 3740 767 3813 dextrum
783 3736 1065 3812 transferendum
1078 3732 1156 3810 cst?

100 3838 193 3942 Quis
209 3842 314 3916 etiam
328 3840 534 3937 sibimetipsa
545 3837 700 3917 infensus
718 3838 818 3931 qued
829 3836 961 3913 viderit
973 3836 1159 3913 mulierem

634 3934 714 4031 Zs
1080 3933 1134 4001 an
