2498 4254
173 136 353 331 ‚sot
401 194 733 314 irrueritis,
782 212 882 295 tri.
909 214 972 297 111.
1075 238 1153 321 ii,
1193 285 1196 290 ,

78 394 155 459 “tor
181 382 386 477 praesciebat
410 402 487 456 non
514 380 582 455 esse
607 381 749 454 futuros
773 382 914 477 bonos,
951 382 1154 479 intelligere

86 482 260 579 mysteria
276 484 374 578 regni
393 482 585 575 coelorum,
610 481 852 575 &propterea
870 484 1086 575 loquebatur
1100 484 1152 559 eit

83 584 129 661 in
148 582 347 677 pa'rabolis3
373 603 468 655 nunc
493 594 611 655 autem
633 602 713 653 cum
730 580 901 674 adjettum
917 582 979 675 sit,
1003 608 1046 655 m
1061 582 1153 675 forte
1184 586 1188 593 ’

89 700 326 757 convertantur
339 684 377 757 U
395 686 658 763 remoraturos,
685 680 860 754 difficilior
875 680 1026 755 efficitur
1040 702 1154 778 expo·

82 784 184 859 sitio
237 782 287 855 Et
302 785 417 876 primo
435 781 577 896 quidem
591 780 851 856 observandum
873 783 980 855 nobis
996 782 1048 857 est
1068 783 1154 876 quid

83 882 223 959 habeat
240 881 451 957 munimenti
474 883 578 954 locus
604 881 666 954 iste
692 881 799 955 etiam
823 880 990 954 adversus
1015 884 1155 974 haereti·

82 990 180 1079 JcoS,
209 984 268 1073 qui
286 1002 451 1074 aucupari
442 982 580 1054 verba
594 981 638 1053 de
658 982 774 1054 veteri
792 980 1006 1055 testamento
1021 982 1152 1075 solent,

89 1084 117 1157 si
133 1104 202 1173 qua
218 1080 316 1154 forte
335 1080 552 1155 videntur
521 1103 593 1175 eis,
618 1096 660 1152 ut
676 1080 737 1173 ipsi
756 1080 980 1177 intelligunt,
1006 1081 1050 1155 de
1066 1082 1153 1154 Deo

83 1190 261 1255 creatore
284 1202 392 1277 grave
416 1180 678 1253 &inhumanum
696 1181 825 1297 aliquid
845 1180 1045 1297 designare,
1071 1200 1155 1256 cum

89 1284 155 1354 vel
171 1280 386 1353 vindicantis
404 1280 602 1376 designatur
618 1282 681 1352 vel
700 1280 876 1373 punientis
896 1279 1065 1374 affeuus,
1090 1281 1155 1355 vel

93 1380 358 1472 quoquomodo
374 1392 471 1451 certe
483 1381 545 1473 ipsi
560 1382 636 1453 haec
651 1380 835 1453 nominare
851 1380 987 1474 solent,
1013 1403 1058 1454 eir
1079 1380 1156 1473 qui·

81 1480 159 1553 'bus
186 1478 358 1551 videlicet
383 1480 582 1553 bonitatem
608 1481 786 1575 denegent
810 1479 879 1553 esse
905 1483 942 1553 in
969 1494 1154 1554 creatore:

94 1580 283 1670 quomodo
301 1600 376 1651 non
395 1579 516 1652 eadem
532 1583 676 1672 merite,
702 1600 772 1652 nec
790 1580 920 1655 eodem
934 1580 1032 1655 sensu
1047 1580 1156 1653 etiam

94 1676 370 1773 de'Eva'ngeliis
396 1678 582 1771 judicant,
615 1700 686 1752 nec
711 1676 906 1753 observant
929 1679 954 1751 si
979 1700 1049 1771 qua
1061 1680 1157 1769 ,talia

94 1780 200 1852 etiam
216 1782 253 1849 in
267 1776 451 1873 Eiringehi
467 1779 581 1873 posita
597 1778 699 1875 sunt,
725 1779 840 1870 qualia
851 1778 1012 1870 judicant
1025 1779 1088 1852 vel
1103 1796 1157 1850 ar·

92 1892 209 1975 guunt
230 1876 267 1949 in
290 1881 403 1948 ueteri
422 1877 646 1951 testamento.
702 1878 903 1951 Evidenter
921 1879 1014 1951 enim
1031 1879 1068 1950 in
1082 1878 1158 1950 hoc
1178 1949 1181 1954 .

94 1980 256 2073 capitulo
284 1975 438 2049 salvator
463 1976 680 2071 ostenditur,
712 1979 801 2051 sicut
816 1976 878 2069 ipsi
898 1976 1046 2070 dicunt,
1071 1996 1157 2073 pro-

92 2094 221 2173 pterea
238 2075 418 2149 manifeste
435 2097 513 2149 non
529 2078 654 2172 loqui,
679 2079 733 2151 uti
751 2098 799 2148 ne
817 2088 1077 2150 convertantur
1091 2076 1159 2150 ho·

93 2178 209 2251 niines
232 2176 265 2247 &
290 2176 451 2248 converh
468 2175 896 2271 remiffionemaccipiant
911 2189 1155 2268 peccatorum.
1237 2188 1239 2197 ⁴

95 2276 211 2373 Quod
235 2276 357 2365 utique
379 2276 402 2347 si
423 2275 611 2349 sociandum
637 2276 745 2350 solam
760 2277 898 2348 literam
917 2276 1155 2371 intelligatur,

93 2377 358 2449 nihilomnino
386 2375 499 2449 minus
526 2377 714 2450 habebitur
741 2378 784 2450 ab
811 2375 861 2447 eis
890 2396 967 2467 quae
988 2377 1026 2447 iri
1054 2374 1157 2448 testa-

93 2485 224 2551 mento
235 2476 348 2544 veteri
366 2475 604 2551 criminantur.
656 2478 693 2549 Si
708 2495 799 2548 vero
815 2472 894 2567 ipsis
909 2476 1016 2547 etiam
1033 2475 1157 2547 viden·

92 2586 156 2647 tur
186 2574 261 2645 haec
287 2574 509 2665 expositione
532 2575 710 2672 indigere,
736 2577 851 2666 siqua
876 2575 913 2646 in
933 2595 1039 2647 novo
1054 2573 1157 2648 testa·-

79 2686 224 2747 'mento
241 2674 290 2745 ita
302 2674 416 2766 posita
438 2672 692 2768 inveniuntur,
720 2672 941 2764 consequens
956 2672 991 2747 δι
1006 2672 1159 2747 necessa-

95 2775 190 2848 rium
210 2773 300 2866 erit,
326 2785 368 2845 ut
391 2772 497 2847 etiam
515 2794 558 2849 ea
572 2796 649 2869 quae
663 2777 700 2851 in
724 2772 842 2850 veteri
859 2772 1072 2849 testamento
1092 2775 1160 2848 cri·

975 2894 1109 2949 inmari-

320 3029 745 3109 Iuriiiiriornrio
779 3054 925 3110 uovii.

95 3192 164 3269 per
186 3170 221 3245 se
243 3171 355 3244 nihilo
372 3172 517 3247 inferius
540 3172 644 3246 estiis
666 3175 792 3265 quaein
808 3174 925 3247 veteri
942 3172 1155 3248 testamento

94 3272 419 3385 reprehenduntur.
479 3273 540 3345 Sin
563 3287 681 3349 autem
705 3273 893 3370 Evangelii
915 3272 1156 3349 defensionem

98 3386 290 3465 quarunt,
326 3372 567 3467 interrogandi
594 3372 674 3444 sunt
705 3396 748 3445 an
781 3394 857 3445 non
880 3374 1156 3465 reprehensione

98 3473 194 3569 digni
208 3471 276 3544 sint
294 3472 350 3563 qui
365 3472 402 3544 in
414 3471 579 3545 similibus
599 3472 847 3563 quaestionibus
861 3472 1061 3549 dissimiliter
1075 3496 1156 3548 ver-

97 3570 241 3663 saritur,
270 3568 302 3641 di
321 3592 401 3643 cum
417 3570 570 3644 innovo
589 3573 800 3645 testamento
819 3573 906 3648 nihil
926 3574 987 3647 fibi
1004 3572 1158 3647 offendi-

99 3673 194 3745 culi
184 3671 330 3744 inveni
317 3684 399 3757 nt,
426 3669 529 3742 sed'
499 3694 529 3762 ej
533 3693 573 3742 us
585 3671 827 3745 defensionem
844 3688 1022 3766 querant,
1043 3676 1079 3746 in
1096 3695 1158 3745 ve-

98 3773 165 3849 teri
182 3788 306 3845 tamen
318 3768 437 3845 similia
447 3772 734 3866 reprehendunt,
761 3792 914 3864 quorum
928 3774 1049 3846 itidem
1067 3792 1158 3862 quae·

97 3873 304 3957 reidaerat
321 3870 522 3965 explicatio.
575 3871 684 3952 Unde
699 3872 1176 3986 illoslotorumeoinqara-

1035 3985 1155 4052 tione
