2498 4254
235 122 337 207 ne·
360 120 695 221 numerans,
745 122 847 204 trs.
874 122 904 205 1.
1046 60 1112 233 49⁸

111 306 149 381 7.
175 280 213 359 Si
237 304 332 361 vero
356 288 430 361 hoc
453 289 498 361 de
522 286 644 380 spiritu
668 286 738 361 Dei
753 284 882 363 dissum
897 288 1098 388 intelligen-

56 386 122 461 um
144 384 217 479 est,
243 386 410 479 quoniam
426 384 591 460 &Adam
610 386 834 481 prophetasse
849 388 894 462 de
909 390 1095 466 nonnullis

56 484 250 579 nvenitur,
279 507 369 582 ergo
393 488 463 579 jam
495 508 572 559 non
605 487 844 582 generaliter,
876 486 936 561 sed
951 488 1096 577 ,mute

56 586 240 677 paribusque
260 584 380 659 datum
403 587 515 679 accipi
537 584 665 679 potest.
723 587 889 676 Denique
914 587 1021 663 etiam
1044 588 1097 662 di-

56 684 129 755 uvii
149 696 316 777 tempore
334 706 415 757 cunr
432 687 546 758 omnis
566 705 650 757 caro
671 684 881 777 corrupisset
890 687 987 761 viarn
1006 686 1095 784 Dei,

56 802 210 875 anquam
230 784 274 855 de
284 783 444 880 indignis
466 787 500 858 tc
521 785 771 879 peecatoribus
793 783 1027 879 scriptumest
1044 786 1096 862 di·

56 880 123 954 tiss'e
138 881 279 957 Deum:
305 886 384 955 Nm
396 885 590 980 permanebit
598 886 733 979 spiritus
754 910 837 955 meus
857 894 894 954 in
913 886 1095 957 hominibus

56 982 105 1075 istis
121 990 160 1051 r'n
175 1002 351 1076 eremum,
372 987 597 1079 propterquod
614 1010 684 1055 caro
693 988 782 1071 sum.
832 981 873 1057 In
890 1006 963 1076 quo
985 986 1098 1058 mani·

56 1078 124 1153 :este
138 1078 360 1175 ostenditur,
388 1084 485 1174 quod
500 1084 543 1155 ab
560 1081 710 1179 indignis
723 1084 919 1174 quibusque
934 1084 1096 1159 aufertur

56 1174 176 1273 piritus
202 1180 286 1255 Dei.
336 1182 378 1255 In
402 1182 540 1276 psalmis
565 1203 710 1275 quoque
734 1181 919 1257 scribitur:
955 1184 1093 1277 Auferes

56 1278 186 1375 rpirirum
205 1304 326 1368 aarum,
352 1280 391 1359 (5
403 1285 564 1374 deficient,
590 1281 628 1359 (5
646 1291 681 1351 in
695 1300 811 1353 terram
819 1285 911 1372 suam
932 1299 1095 1355 revertere·

56 1394 104 1457 tur.
157 1382 300 1451 Emitres
314 1382 459 1477 spiritum
476 1399 589 1465 tuum,
615 1383 653 1455 U
666 1382 879 1476 creabuntur,
904 1380 943 1459 (5
959 1408 1095 1455 renova·

56 1477 88 1547 ib
97 1478 213 1573 faciem
227 1496 340 1557 terras
369 1481 467 1571 quod
485 1479 667 1554 manifeste
685 1480 728 1553 de
743 1480 877 1576 Spiritu
895 1480 1015 1555 sandbo
1035 1483 1096 1556 do·

56 1576 216 1673 ignetur,
249 1579 308 1670 qui
327 1580 450 1652 ablatis
471 1594 578 1673 atque
602 1580 763 1653 extinsiis
786 1583 1038 1675 peccatoribus
1058 1581 1112 1654 δι’

56 1678 212 1774 ndignis,
239 1675 311 1771 ipse
336 1679 399 1751 fibi
423 1701 563 1753 novum
586 1682 761 1773 populum
786 1696 905 1775 creet,
931 1681 967 1753 &
986 1700 1097 1755 reno·

56 1790 102 1849 ret
114 1776 244 1849 sacient
261 1789 395 1871 terrae,
419 1800 500 1851 curn
515 1798 580 1870 per
595 1780 741 1875 gratiam
755 1777 894 1872 spiritus
910 1779 1096 1873 deponen-

56 1894 93 1949 'es
112 1889 276 1949 ueterem
295 1878 477 1950 hominem
495 1898 575 1949 cunr
596 1878 727 1950 astibus
745 1875 842 1971 suis,
867 1879 906 1949 in
924 1880 1096 1951 novitate

56 1975 126 2069 rita
146 1977 318 2069 coeperint
336 1979 526 2051 ambulare.
588 1972 639 2046 Et
650 1976 735 2049 ideo
753 1976 798 2048 de
821 1996 868 2049 eo
887 1990 1097 2069 competen-

56 2092 99 2147 er
119 2072 273 2168 dicitur,
301 2077 382 2166 quia
402 2096 478 2147 non
497 2074 743 2166 inomnibus,
776 2096 894 2166 neque
908 2075 945 2147 in
961 2076 1016 2147 his
1033 2073 1097 2167 qui

56 2192 125 2265 >aro
143 2168 251 2267 sunt,
278 2171 393 2248 sedin
406 2174 460 2247 his
480 2194 636 2266 quorum
653 2188 747 2247 terra
769 2187 947 2246 renovata
962 2172 1096 2268 suerit,

56 2270 187 2369 spiritus
205 2271 341 2347 ranam
364 2274 549 2348 habitabit.
599 2266 768 2363 Denique
790 2273 926 2345 idcirco
945 2294 1010 2365 per
1030 2274 1097 2349 im·
1204 2281 1208 2290 ’

56 2372 253 2447 reinonem
285 2393 451 2447 manuum
482 2371 745 2464 Apostolorum
779 2371 861 2465 post
883 2368 1096 2466 baptismum

56 2472 148 2565 ,nana
162 2471 199 2543 δι
217 2474 396 2545 revelatio
410 2470 515 2544 santii
535 2471 684 2564 Spiritus
704 2472 920 2545 tradebatur.
969 2470 1096 2545 Sed&

56 2568 207 2643 salvator
220 2568 341 2643 noster
356 2570 437 2662 post
451 2568 759 2662 resurrestionem,
786 2590 867 2642 curn
880 2580 1007 2643 vetera
1018 2571 1094 2662 jana

56 2666 318 2763 rarrfisseut‚.&
336 2670 425 2742 fasta
439 2668 581 2741 fuissent
601 2669 720 2743 omnia
734 2691 857 2761 nova,
883 2690 1004 2741 novus
1019 2665 1095 2763 ipse

56 2790 151 2857 rpmo
173 2768 486 2864 &primogenitus
509 2790 554 2841 ex
569 2770 720 2841 mortuis
744 2768 931 2857 renovatis
946 2786 1096 2860 quoque

56 2888 100 2943 rer
118 2864 230 2941 fidem
248 2865 316 2940 suae
335 2862 603 2941 resirrrestionis
627 2866 814 2963 Apostolis
842 2869 916 2939 ait:
949 2872 1095 3037 Accipite

56 2970 185 3065 ’piritum
195 2966 355 3056 flantium.
404 2964 491 3041 Hoc
516 2964 567 3039 est
587 2968 748 3041 nimirum
766 2966 865 3057 quod
881 2965 914 3038 δι
929 2963 1002 3058 ipse
1042 2965 1092 3037 al·

56 3080 147 3141 rator
167 3066 345 3153 Dominus
366 3066 402 3139 in
414 3066 604 3162 evangelio
623 3065 845 3161 designabat,
871 3084 953 3137 curn
965 3064 1094 3139 vinum

56 3188 177 3241 rovum
197 3167 236 3239 in
257 3178 356 3239 utres
376 3166 469 3239 mitti
488 3163 588 3259 posse
609 3181 752 3237 veteres
776 3163 998 3259 denegabat,
1032 3161 1094 3243 sed

56 3268 185 3339 ubebat
197 3280 296 3338 utres
307 3260 385 3337 fieri
400 3285 548 3358 novos,
574 3262 610 3337 id
630 3260 680 3339 est
692 3260 855 3337 homines
873 3264 910 3346 in
922 3262 1093 3337 novitate

56 3368 123 3439 itae
156 3367 362 3458 ambulare,
387 3378 429 3437 ut
457 3366 581 3437 vinum
606 3385 770 3457 novum,
795 3361 908 3435 idest
936 3362 1091 3455 Spiritus

56 3462 141 3539 tnui
154 3465 274 3560 gratiae
292 3462 504 3559 susciperent
517 3466 730 3539 novitatem.
777 3462 862 3535 Hoc
878 3481 965 3556 ergo
981 3458 1091 3554 patio

56 3566 206 3659 speratio
233 3565 377 3636 uirtutis
400 3562 471 3637 Dei
495 3564 603 3656 patris
630 3562 666 3635 δι
689 3558 752 3635 filii
775 3558 961 3633 indiscrete
986 3560 1092 3652 super

56 3686 186 3739 minem
205 3663 433 3757 protenditur
452 3676 667 3736 creaturam:
700 3660 849 3754 Spiritus
870 3657 974 3733 sandi
994 3676 1090 3730 vero

56 3764 344 3857 articipationenr
362 3758 514 3840 annun
534 3760 782 3842 tantummodo
802 3758 925 3845 baberi
947 3755 1089 3835 inveni,-
1129 3820 1132 3827 .

85 3868 235 3963 &rueris
260 3857 349 3945 tm.
375 3864 440 3948 111.
684 3856 779 3970 D,¹
945 3873 1047 3943 uua»
1134 3865 1181 3965 j
