2498 4254
293 122 372 206 nn
408 62 769 217 'nannenus
817 120 917 203 ara.
942 125 970 203 r.
1117 150 1167 223 13·
1203 140 1206 149 ·

148 268 201 385 ’3.
230 289 324 365 Illud
339 276 555 365 autemsciie
568 301 736 387 oportet,
764 289 932 380 quoniam
942 286 1047 364 dandi
1055 286 1161 385 Apo·

46 413 61 441 -·
94 392 170 469 stoli
190 386 302 465 fidem
320 389 449 466 Christi
464 390 717 483 predicantes,
744 387 788 461 de
802 386 1005 481 quibusdam
1018 391 1161 482 quidem

46 494 63 540 2
96 510 313 585 quecunque
326 488 516 563 naceffaria
530 488 775 578 crediderunt,
803 490 967 562 omnibus
982 490 1086 563 etiam
1104 492 1159 565 his

46 592 64 639 i
97 592 150 687 qui
164 591 344 687 pigriores
367 610 450 683 erga
469 589 730 681 inquisitionem
749 587 878 661 divinae
890 588 1042 662 scientiae
1059 588 1161 663 vide·

48 691 65 739 ⁰
96 692 243 782 bantur,
269 688 538 763 manifestiffime
558 688 801 780 tradiderunt,
826 688 1003 761 rationem
1024 686 1161 763 scilicet

45 790 64 837 ¹·
97 788 293 875 aiiertionis'
320 808 448 862 eorum
470 789 711 879 relinquentes
741 788 861 861 abhis
889 788 1158 881 inquirendam,

48 892 65 939 e
97 891 151 981 qui
162 888 313 982 Spiritus
330 888 426 960 dona
439 888 652 961 excellentia
665 900 907 979 mererentur,
936 887 1159 981 &precipue

49 990 64 1041 ἃ
97 988 286 1080 sermonis,
312 986 488 1081 sapientiae
500 988 534 1058 u
552 985 704 1060 scientiae
722 986 868 1082 gratiam
883 1007 948 1080 per
962 985 1072 1082 ipsum
1081 988 1158 1079 Spi-

45 1093 63 1182 .’'
98 1088 195 1161 tinam
208 1085 624 1179 sanetumpercepiffent3
650 1087 694 1159 de
707 1087 781 1159 aiiis
796 1106 888 1159 vero
903 1086 1069 1161 dixerunt
1083 1087 1158 1178 qui·

45 1196 61 1283 ’ρ
101 1186 196 1281 dem,
222 1186 309 1279 quia
329 1185 414 1258 fint:
436 1186 625 1277 quomodo
644 1200 785 1278 autern,
810 1200 873 1257 aut
891 1188 985 1259 unde
1004 1186 1093 1278 iint,
1118 1187 1158 1259 sr-

45 1294 60 1381 'j
99 1287 257 1379 luerunt,
289 1285 456 1378 profecto
477 1301 519 1357 ut
539 1284 765 1359 studiosiores
790 1286 920 1378 quique
940 1306 985 1358 ex
1005 1283 1160 1378 posteris

45 1394 57 1439 i
97 1382 154 1459 suis
170 1386 232 1476 qui
249 1394 427 1459 amatores
443 1384 555 1458 eiient
573 1386 771 1478 sapientiae,
798 1386 1008 1458 exercitium
1024 1385 1158 1459 habere

47 1508 54 1523 ·
94 1483 252 1581 poss'ent,
276 1485 317 1557 in
339 1504 414 1577 quo
437 1485 568 1581 ingenii
593 1486 645 1563 sui
665 1484 818 1558 frustum
842 1484 1092 1576 ostenderent,
1118 1485 1159 1557 hi

45 1582 51 1631 i
93 1584 262 1657 videlicet
283 1585 345 1675 qui
362 1583 488 1679 dignos
510 1584 544 1657 se
567 1584 603 1657 dt
622 1605 769 1679 capaces
787 1584 830 1657 ad
849 1584 1087 1677 recipiendam
1108 1583 1157 1657 sa·

91 1684 258 1778 pientiam
271 1696 521 1777 propararent

159 1806 194 1871 4.
220 1782 367 1875 Species
392 1804 485 1855 vero
515 1803 641 1857 eorum
670 1804 745 1875 quae
775 1802 839 1877 per
867 1784 1158 1877 praedicationem

89 1882 322 1977 apostolicam
353 1881 535 1955 manifeste
564 1882 775 1975 traduntur,
802 1883 871 1955 istae
893 1882 983 1957 sunt.
1035 1884 1158 1957 Primo

91 1984 192 2073 quod
204 2002 295 2054 unus
317 1980 421 2055 Deus
439 1979 489 2054 est
506 1981 566 2071 qui
590 1983 709 2053 omnia
730 1982 868 2053 creavit
884 1995 990 2073 atque
1008 2003 1157 2076 compo·

87 2078 178 2173 ssait,
208 2081 334 2174 quique
351 2100 431 2153 curn
446 2081 534 2153 nihii
554 2079 639 2153 ess'et
657 2079 725 2154 esse
740 2081 829 2153 fecit
842 2079 1028 2175 universa,
1053 2081 1157 2154 Deus

87 2202 110 2252 a
125 2181 241 2273 prima
255 2196 419 2253 creatura
434 2179 468 2252 da
482 2180 693 2269 conditione
706 2180 850 2272 mundi,
877 2181 1036 2254 omnium
1050 2179 1158 2268 iusto·

84 2300 167 2351 rum
181 2279 299 2373 Deus,
320 2276 454 2373 Adam,
478 2276 589 2373 Abel,
615 2277 716 2372 Seth,
742 2276 857 2372 Enos,
882 2276 1026 2371 Enoch,
1052 2278 1155 2373 Nod,

85 2374 293 2471 Abraham,
323 2377 436 2470 Isaac,
471 2379 611 2474 Jacob,
638 2378 828 2451 duodecim
848 2378 1156 2473 Patriarcharum,

87 2474 230 2570 Moysis
251 2476 286 2549 da
303 2477 581 2571 Prophetarum:
608 2477 758 2569 &quod
777 2479 836 2551 hic
856 2468 960 2549 Deus
980 2479 1016 2551 in
1035 2476 1157 2552 novis·

86 2576 181 2651 nmis
206 2577 358 2669 diebus,
392 2577 481 2648 srcut
506 2598 570 2672 per
594 2578 789 2672 prophetas
816 2591 899 2650 ante
922 2577 1155 2671 promiserat,

89 2676 181 2751 mifit
194 2672 395 2747 Dominum
413 2674 573 2750 nostrum
585 2677 701 2770 Jesum
721 2674 917 2769 Christum,
949 2672 1064 2769 primo
1082 2678 1158 2769 qui-

43 2784 58 2849 i
90 2774 174 2849 dem
191 2790 409 2847 vocaturum
431 2771 562 2867 Israel,
600 2774 755 2848 secundo
782 2795 874 2848 vero
901 2777 1020 2849 etiarn·
1029 2794 1156 2873 gentes

93 2873 175 2967 post
190 2870 375 2968 perfidiam
397 2874 524 2969 populi
544 2871 656 2949 lsrael.
707 2872 778 2948 Hic
797 2874 897 2947 Deus
909 2876 1019 2968 justus
1038 2878 1073 2948 dt
1090 2879 1158 2949 bo·

93 2992 162 3045 nus
178 2986 281 3069 pater
300 2972 449 3047 Domini
466 2970 579 3047 nostri
597 2970 678 3069 Jesu
697 2972 847 3066 Christi,
882 2977 996 3070 legem
1019 2974 1053 3046 δι
1072 2996 1157 3069 pro-

43 3125 46 3153 .
91 3072 240 3167 phetas,
267 3071 505 3169 &evangelia
523 3071 596 3166 ipse
615 3074 712 3147 dedit
763 3076 823 3165 qui
847 3072 1157 3165 &Apostolorum

90 3170 192 3245 Deus
206 3170 277 3263 est,
305 3171 486 3244 &veteris
506 3170 644 3245 &novi
655 3126 884 3249 Testamenti.
920 3171 1015 3248 Tum
1030 3174 1159 3249 deinde
1185 3254 1191 3261 ,

43 3276 45 3307 ⁵
93 3272 177 3365 quia
192 3271 291 3365 Jesus
309 3269 465 3345 Christus
480 3271 552 3364 ipse
571 3274 631 3364 qui
645 3274 769 3366 venit,
797 3286 879 3346 ante
895 3293 1039 3346 omnem
1061 3296 1157 3349 crea·
1211 3328 1220 3345 .

93 3382 211 3444 turam
230 3384 335 3443 natus
357 3391 401 3443 ex
417 3382 519 3465 patre
536 3371 597 3447 est.
649 3373 723 3471 Qui
744 3394 825 3446 cum
838 3372 876 3445 in
895 3373 1055 3447 omnium
1070 3392 1158 3450 con·

94 3468 233 3565 ditione
255 3471 349 3563 patri
365 3466 605 3564 ministraiiet,
632 3492 690 3568 per
713 3474 810 3567 ipsum
828 3472 921 3545 eninr
938 3479 1043 3543 omnia
1062 3474 1158 3566 satia

93 3570 191 3660 suna,
215 3569 409 3645 novifflmis
428 3572 649 3662 temporibus
665 3569 813 3664 seipsum
825 3572 1029 3647 exinaniens
1042 3573 1157 3648 homo

93 3666 204 3743 fastus
220 3669 427 3741 incarnatus
444 3666 495 3741 est
512 3690 592 3745 cum
605 3669 707 3743 Deus
729 3669 834 3762 eiset,
861 3670 895 3744 dr
914 3673 1025 3745 homo
1045 3671 1157 3746 faetus

94 3768 216 3843 mmnt
234 3769 334 3861 quod
355 3779 433 3843 erat
447 3766 559 3844 Deus.
611 3766 752 3865 Corpus
770 3768 919 3847 aiiumsrt
934 3771 1058 3849 nostro
1077 3790 1158 3843 cor-

1026 3870 1118 3969 pori
