2498 4254
203 131 350 231 ¹un
400 131 843 215 ounvrours
1012 161 1083 242 559

61 320 171 379 onem
187 304 277 397 inops
289 324 357 371 non
371 298 529 397 sustineat
543 268 823 373 comminutsanem.
876 300 977 400 Quid
992 324 1086 380 vero
1112 335 1115 341 ·

63 407 155 479 tinet
174 402 295 474 dicere
312 412 405 493 quot
422 399 492 473 fiut
513 420 608 493 quos
622 420 701 473 non
721 398 817 475 redle
837 401 1085 478 administratae

60 522 210 599 >rporeae
243 500 377 574 divitiae
404 503 442 572 in
474 501 638 574 eumdem
665 513 932 575 tormentorum
960 504 1086 579 locum

60 625 106 678 rm
119 599 344 698 Evangelico
357 600 470 673 divite
480 597 733 692 conjecerintl
757 615 850 692 quot
864 600 931 676 smt
941 605 1086 678 aliunde

60 704 84 776 1i
104 714 352 796 paupertatem
367 701 545 796 ignaviter
563 698 745 789 serentes,
770 699 961 795 servilique
975 702 1009 776 u
1022 704 1087 777 hu·

60 803 98 875 ili
118 821 222 875 more
247 803 436 893 viventes,
463 812 594 873 contra
621 814 725 892 quam
749 798 890 876 sancius
914 801 1086 897 deceret,

60 899 215 999 elestium
234 898 296 997 spe
316 901 498 975 bonorum
517 898 744 993 exciderint?
769 900 903 995 Neque
923 904 984 994 qui
1011 922 1086 977 me·

61 1020 121 1074 um
134 1003 230 1074 inter
245 1012 437 1093 utrumque
458 999 600 1074 divitias
618 1000 763 1092 inquam
781 999 815 1075 u
834 1015 1087 1096 paupertatem

60 1115 176 1192 nent,
202 1102 379 1176 immunes
400 1096 517 1174 sunta
537 1111 693 1193 peccato
706 1100 744 1173 in
766 1102 874 1175 bonis
895 1102 1088 1176 mediocri·

60 1221 91 1301 rs
108 1199 344 1276 admittendo.
394 1197 448 1273 At
463 1202 558 1274 enim
571 1200 673 1274 sanus
690 1197 725 1273 ἃ
740 1202 835 1275 berre
849 1221 1006 1295 corpore
1025 1222 1088 1277 va·

60 1322 101 1374 ns
117 1314 218 1376 extra
234 1320 381 1375 omnem
393 1297 430 1372 se
446 1302 689 1374 tentationem
704 1313 858 1396 propter
875 1299 983 1393 ipsam
996 1299 1086 1376 sani-

61 1412 134 1477 tem
146 1401 353 1493 bonamque
367 1399 613 1474 valetudinem
629 1396 700 1473 ell'c
715 1400 844 1493 putat?
869 1397 920 1472 Et
931 1421 1088 1492 quorum

60 1498 74 1573 l
90 1503 242 1575 aliorum
261 1520 365 1593 quam
377 1500 474 1574 bene
490 1500 691 1574 valentium
702 1499 939 1594 fanorumque
957 1521 1088 1594 pecca·

60 1620 98 1674 ‚m
113 1618 187 1695 quo
201 1604 345 1673 violatur
358 1601 505 1699 templum
522 1604 610 1672 Dei?
634 1598 726 1674 Non
742 1600 889 1673 audebit
908 1602 1086 1695 quispiam

60 1721 101 1774 1ae
121 1701 165 1774 ad
188 1702 285 1775 hunc
308 1702 433 1776 locum
460 1702 647 1794 pertinent
675 1710 800 1793 aperte
827 1701 974 1792 dicere,
1000 1719 1085 1776 cum

60 1803 189 1875 nnibus
209 1802 320 1874 obvia
335 1800 414 1876 sint.
466 1801 559 1896 Quis
575 1810 730 1896 egrotus
744 1800 866 1875 omnia
886 1799 930 1872 ad
943 1799 1085 1873 violan-

60 1919 106 1972 rm
130 1899 201 1972 Dei
217 1900 393 1993 templum
412 1901 648 1975 incitamenta
673 1896 820 1995 effugit,
847 1918 929 1972 cum
946 1900 1086 1985 otietur

73 2001 271 2093 temporis,
297 1998 476 2090 facileque
494 1998 660 2072 admittat
675 2000 826 2073 obortas
840 1999 885 2072 de
898 1998 1005 2073 rebus
1020 1999 1086 2073 im·

60 2101 120 2173 trie
139 2096 409 2195 cogitationes?
433 2100 540 2197 Quot
558 2119 651 2171 vero
667 2097 735 2172 srnt
748 2111 876 2192 praeter
898 2119 978 2192 eas,
1003 2094 1085 2191 quae

60 2192 134 2293 supr
150 2198 387 2293 perturbent,
412 2198 478 2272 disi
496 2199 597 2274 omni
616 2196 735 2272 studio
750 2218 817 2273 cor
832 2197 971 2291 servet,
997 2196 1085 2289 quid

60 2296 114 2370 diu
137 2319 230 2392 opus
249 2295 324 2371 est?
350 2299 452 2373 multi
473 2299 569 2385 enim
587 2301 752 2373 aerumnis
766 2295 852 2372 vitri
875 2297 910 2372 u
930 2298 1084 2373 morbos

60 2400 173 2472 riliter
190 2399 285 2473 ferre
307 2397 531 2493 nescientes,
557 2400 679 2474 animo
701 2400 811 2495 magis
833 2409 1009 2495 egrotare
1023 2397 1086 2472 de·

59 2498 185 2574 ’ehenll
213 2499 294 2574 sunt
317 2519 423 2591 quarn
446 2519 615 2593 corpore.
666 2497 778 2573 Multi
802 2501 910 2573 etiam
932 2510 975 2570 ut
995 2496 1086 2572 infa-

60 2598 125 2675 iam
139 2603 311 2691 vitarent,
337 2595 466 2672 Christi
478 2618 616 2675 nomen
629 2596 804 2695 generose
820 2598 916 2672 serre
931 2599 1085 2672 erubue-

60 2710 127 2790 nt,
153 2697 238 2771 &in
253 2700 490 2793 opprobrium
506 2697 760 2795 sempiternum
775 2697 992 2789 inciderunt.
1031 2695 1085 2768 At

60 2797 139 2870 >edit
160 2799 286 2890 aliquis
307 2798 463 2875 suturam
486 2797 549 2872 libi
570 2818 590 2872 a
612 2799 876 2872 tentationibus
896 2797 1085 2893 requiem,

60 2917 106 2971 rm
121 2898 159 2971 in
179 2896 323 2979 honore
340 2897 450 2973 luerit
464 2898 558 2994 apud
571 2896 756 2972 homines:
781 2896 895 2989 &qui
919 2916 998 2970 non
1022 2893 1087 2968 du-

60 3018 122 3091 tm,
148 2996 262 3094 illud,
286 3002 482 3095 Receperunt
496 3000 659 3070 mercedem
674 2999 921 3083 abdominibus,
944 2996 987 3068 iis
1003 3014 1088 3089 pro·

60 3099 241 3190 rntiatum,
267 3101 328 3191 qui
344 3100 443 3195 vulgi
459 3097 724 3191 existimatione
737 3097 832 3192 quali
845 3098 967 3189 aliquo
979 3096 1087 3171 bono

60 3194 252 3272 seruntur?
277 3219 383 3291 quarn
405 3199 494 3276 illud
507 3197 742 3292 stupendum:
766 3201 924 3293 Quomodo
934 3220 990 3267 vos
1001 3211 1087 3293 pote·

60 3302 234 3388 arrodere,
260 3306 316 3396 qui
331 3300 515 3394 glutiamus
534 3304 672 3371 irauicem
686 3305 855 3394 accipitis,
880 3294 921 3375 (5
933 3297 1089 3391 gloriam,

60 3422 90 3470 ,να
115 3401 215 3487 closo
240 3403 309 3471 Deo
333 3401 395 3499 ιβ,
420 3426 488 3473 non
514 3405 679 3499 queritis,
705 3396 847 3493 Ecquid
873 3420 932 3474 me
955 3396 1090 3471 attinet
1199 3476 1203 3481 ,

60 3518 233 3574 rumerare
262 3518 389 3575 eorum
411 3502 472 3593 qui
487 3501 632 3575 nobiles
650 3513 823 3594 putantur
840 3501 963 3574 varios
981 3499 1019 3569 in
1037 3495 1091 3569 su·

60 3600 148 3673 erbia
173 3598 309 3694 lapsus:
339 3602 467 3675 e'orurn
493 3602 582 3677 item
607 3603 668 3692 qui
693 3601 864 3674 dicuntur
886 3597 1090 3695 ignobiles,

60 3696 281 3775 bmillionem
301 3701 537 3777 adulatoriam
554 3715 672 3775 ortam
693 3721 738 3773 ex
758 3701 957 3795 imperitia,
984 3715 1091 3767 aver·

60 3810 232 3897 ntemquc
250 3798 392 3899 aDeo,
419 3822 490 3900 qua
500 3813 586 3879 ante
601 3803 687 3891 illos
702 3802 901 3899 procidunt
913 3799 980 3967 qug
978 3795 1091 3965 x{spe

895 3946 901 3955 s
918 3918 958 3971 n
