2498 4254
324 166 419 247 DF.
469 166 979 253 oRnTtoN'u‘
1065 192 1160 272 ,433

90 334 164 407 tius
182 328 243 417 est,
256 344 380 406 motus
396 334 621 439 animalium:
648 336 709 427 qui
726 346 851 410 motus
872 357 895 407 a
916 333 951 409 se
972 331 1054 431 ipfis
1069 330 1179 410 dici·'
1214 352 1217 357 ·

91 444 161 508 tur.
213 426 351 506 Eorum
370 444 584 527 auremque
604 438 748 508 ratione
762 446 915 507 utuntur
935 450 1076 508 motum
1091 457 1157 533 pu·

90 545 135 603 to
155 548 220 625 per
241 526 276 604 se
295 530 365 625 ipsa
381 532 450 606 effe
466 546 627 608 motum..
669 535 785 631 Quod
805 534 830 607 ir
850 534 893 607 ab
918 536 1059 607 animali
1076 556 1159 626 mo·

90 642 170 703 tum
200 632 301 704 ilium
326 654 347 703 a
372 626 407 704 se
432 634 510 726 ipio
541 632 814 729 abstulerimus⁹
846 634 919 726 iam
945 654 995 705 ne
1023 636 1156 709 animai

82 730 237 823 quidem
256 726 326 802 effe
342 733 493 829 inteiligi
511 732 653 829 potest,
678 728 738 806 sed
761 732 872 806 simile
889 733 960 829 erit
980 745 1042 805 aut
1056 732 1157 828 pian-
1191 732 1199 745 '

89 840 138 902 tae
160 849 238 921 quae
255 851 277 901 a
293 843 420 903 natura
436 830 511 905 sola
528 846 719 925 movetur,
744 846 808 905 aut
822 831 931 924 iapidi
948 833 1008 925 qui
1029 834 1072 906 ab
1094 855 1155 907 ex-

89 940 174 1003 tero
204 930 409 1024 impellitur.
460 930 628 1028 Quodsi
659 931 744 1025 quid
772 932 959 1027 proprium
986 930 1155 1024 sequatur

89 1040 251 1122 motum,
278 1049 360 1104 cum
376 1030 414 1102 id
429 1030 622 1104 dixerimus
642 1052 707 1125 per
724 1028 887 1125 seipsum
909 1034 1075 1123 moveri,
1100 1054 1156 1105 ra·

88 1128 229 1201 tionaie
243 1129 280 1201 id
292 1128 362 1202 ess‘e
379 1129 521 1203 neceiie
540 1131 601 1208 est.
628 1130 739 1227 Igitur
752 1134 811 1222 qui
824 1130 914 1202 nihii
930 1128 1003 1202 eiie
1018 1131 1155 1229 volunt

89 1226 128 1298 in
145 1226 268 1299 nostra
288 1226 491 1324 potestate,
515 1251 583 1304 eos
597 1228 844 1324 ineptiffimum
856 1230 944 1300 iilud
959 1230 1154 1321 admittere

86 1324 234 1399 necesse
247 1326 318 1400 est:
344 1331 497 1422 primum
512 1350 581 1403 nos
599 1333 797 1404 animantes
813 1349 890 1400 non
902 1327 993 1420 effe,
1020 1328 1155 1403 deinde

85 1430 434 1521 munerationum,
460 1425 520 1502 sed
540 1430 635 1523 quasa
649 1433 695 1502 ab
712 1441 840 1500 extero
849 1442 1005 1523 motos,
1029 1450 1154 1521 neque
1199 1444 1201 1451 ·

83 1522 327 1620 nosmetipsos
346 1528 526 1601 ullatenus
544 1542 763 1619 moventes,
786 1529 839 1599 ita
860 1540 904 1599 ut
921 1530 965 1599 ab
984 1529 1049 1599 iilo
1072 1522 1155 1601 fieri

86 1624 243 1697 dicenda
263 1626 332 1698 smt
349 1648 428 1719 quae
448 1627 569 1701 facere
593 1627 783 1702 credimur.
834 1624 1011 1698 Peterem
1035 1639 1155 1700 atten-

87 1722 152 1795 dat
165 1726 290 1817 aliquis
306 1728 347 1797 iis
364 1746 440 1817 quae
452 1728 492 1798 in
507 1725 541 1800 se
552 1724 677 1821 sentit,
702 1726 738 1799 dr
751 1727 876 1798 videat
889 1724 1020 1819 anime
1036 1729 1154 1821 impu·

85 1822 212 1895 dentia
235 1844 365 1921 negare
388 1823 494 1919 pofflt
511 1828 547 1899 ie
567 1826 681 1921 ipsum
698 1828 820 1917 velie,
846 1820 881 1897 se
897 1823 1011 1917 ipium
1027 1844 1154 1899 come·

87 1923 197 2013 dere,
223 1900 258 1996 se
279 1923 389 2015 ipsum
407 1926 616 2019 ambulare,
640 1921 675 1998 se
692 1923 805 2021 ipsum
822 1922 978 1997 assentiri
998 1922 1032 1995 dr
1049 1942 1153 2014 quas-

88 2022 181 2094 iibet
199 2024 395 2116 opiniones
418 2027 611 2117 accipere,
638 2024 673 2098 se
698 2022 811 2118 ipsum
840 2025 905 2095 aiia
926 2025 1088 2095 abnuere
1109 2034 1153 2095 ut

66 2130 69 2135 '
87 2116 185 2197 falsa.
235 2120 290 2219 Ut
309 2125 416 2218 igitur
432 2124 591 2215 quadam
608 2123 794 2198 sententiae
809 2121 890 2195 sunt
903 2122 1031 2214 qulbus
1050 2144 1154 2196 num·

85 2240 194 2313 quam
213 2222 339 2295 adduci
357 2226 495 2316 poterit
512 2222 626 2297 homo
641 2238 683 2296 ut
699 2220 904 2296 adientiatur
917 2214 1153 2313 quantumvis

85 2322 211 2396 multis
237 2323 514 2413 probationibus
542 2336 688 2413 utatur,
720 2323 754 2394 u
782 2322 1011 2414 quantumvis
1037 2324 1152 2395 muita

87 2420 187 2493 dicat
211 2420 254 2492 ad
275 2421 558 2514 periendendum
578 2422 798 2514 conquisita:
834 2422 882 2495 fic
897 2418 978 2493 fieri
993 2438 1069 2492 non
1085 2440 1154 2514 po·

85 2516 169 2606 test,
193 2534 238 2591 ut
249 2520 301 2592 ita
316 2524 499 2613 quisquam
519 2522 564 2594 de
578 2526 686 2596 rebus
701 2523 864 2595 humanis
876 2518 1028 2613 sentiat,
1052 2518 1153 2612 quasa

81 2618 346 2696 wnibii'maneat
362 2622 399 2692 in
421 2619 542 2693 nostra
561 2621 752 2715 potestate.
804 2622 897 2717 Quis
917 2622 1012 2691 enim
1032 2620 1153 2692 credit

86 2719 178 2791 nihil
197 2730 321 2793 mente
344 2722 604 2816 comprehendi
625 2720 752 2816 posse,
778 2735 840 2792 aut
863 2722 914 2791 im
932 2720 1027 2789 vivit
1040 2730 1083 2788 ut
1104 2717 1153 2791 de

86 2820 196 2891 rebus
213 2820 380 2891 omnibus
395 2839 630 2910 quocumque
647 2819 793 2892 tandem
808 2818 877 2891 ilie
894 2819 962 2890 bnt
977 2812 1152 2888 dubiret?

87 2919 183 3015 Quis
199 2939 277 2990 non
297 2920 461 3010 increpat
478 2918 648 2992 famulum
662 2940 744 2993 cum
756 2920 942 3012 peccantis
962 2914 1053 2987 servi
1069 2914 1151 3007 spe·

87 3021 181 3091 ciem
195 3020 318 3090 animo
340 3014 573 3111 perceperit?
597 3020 690 3116 Quis
703 3015 816 3091 fliium
833 3038 912 3088 non
932 3014 1073 3087 accusat
1090 3014 1150 3089 de-

86 3119 164 3191 bita
180 3119 388 3210 parentibus
404 3117 573 3208 obsequia
591 3138 668 3191 non
686 3112 927 3191 reddentem?
977 3111 1056 3184 Aut
1068 3134 1151 3191 non

77 3212 246 3311 'queritur
264 3217 494 3306 &vituperat
511 3218 603 3307 quasi
617 3218 770 3308 nrrpiter
780 3228 945 3312 agentem
962 3215 1151 3290 muiierem

85 3314 312 3391 aduiteram?
325 3317 412 3389 Vim
427 3316 522 3389 enim
539 3314 627 3390 facit
637 3316 710 3410 ipsa
720 3318 854 3387 veritas
867 3312 899 3386 dr
912 3316 1024 3413 cogit,
1038 3314 1150 3409 quari·

85 3419 223 3491 tumvis
247 3416 405 3488 cavillari
426 3416 554 3508 libeat,
582 3418 720 3509 impetu
739 3414 895 3507 quodam
913 3414 951 3488 in
975 3414 1098 3488 laudes
1113 3414 1149 3486 dt

84 3522 126 3592 in
145 3517 325 3610 vituperia
337 3514 442 3604 ferri,
471 3516 569 3605 quod
584 3536 672 3588 vere
687 3515 729 3588 srt
746 3512 876 3605 aliquid
891 3515 927 3587 in
944 3514 1065 3589 nostra
1080 3534 1149 3605 po·

86 3615 237 3707 testate,
263 3616 371 3708 idque
389 3617 450 3686 vel
464 3614 568 3688 laude
584 3616 646 3687 vei
662 3614 882 3686 contumelia
899 3616 1054 3711 dignum.
1081 3612 1149 3709 Igi-

87 3728 148 3791 tur
171 3713 375 3789 srnostrum
397 3714 556 3787 servatur
574 3717 725 3789 liberum
750 3712 930 3789 arbitrium
953 3734 1027 3807 quo
1044 3714 1148 3785 innu-

85 3819 195 3894 meris
211 3814 328 3888 modis
344 3816 406 3888 vei
417 3816 461 3886 ad
476 3814 628 3891 virtum
640 3812 700 3887 vel
715 3812 759 3886 ad
773 3816 933 3890 vitiavel
949 3814 993 3886 ad
1010 3834 1053 3887 ea
1067 3826 1148 3903 quae

139 3920 288 4015 origenis
314 3907 402 3992 Tem,
421 3918 485 3994 ΙΙΙ.
650 3908 653 3915 ’
685 3910 759 3991 Ee
887 3950 920 3965 ··
953 3906 1142 3992 decent-,⁵
