2498 4254
229 222 309 301 nt
355 222 695 319 rainerius,
744 220 935 303 tram.
1044 188 1161 321 275·

54 380 183 461 satiata
197 388 386 479 aliquando
408 389 443 463 dt
464 389 627 481 repleta,
651 387 757 460 velut
775 384 977 483 gravissimis
995 386 1116 460 oneri·

56 487 126 561 bus
147 488 296 561 luxurie
312 508 353 560 ac
372 487 525 561 libidinis
541 486 709 582 fatigata,
733 485 871 585 facilius
893 484 927 558 &
948 485 1114 559 velocius

58 586 229 659 converti
250 587 522 661 amaterialibus
538 584 699 687 sordibus
719 585 763 659 ad
775 583 1115 659 coelestiumdcsrde·

55 686 149 759 rium
164 684 199 757 u
213 683 427 779 spiritualem
441 688 589 783 gratiam
601 684 731 779 potest.
782 682 831 757 Et
851 686 924 757 hoc
944 684 1127 766 arbitran-¹

56 782 141 857 dum
155 782 207 857 est
220 784 340 859 dixisse
355 784 598 881 Apostolum,
623 783 760 858 idcir'co
774 804 933 878 pugnare
953 780 1127 875 spiritum·

55 882 223 956 adversus
248 905 415 978 carnem,
450 885 646 959 &carnem
666 881 832 957 adversus
842 880 1035 975 spiritum,
1070 894 1115 955 ut

54 1003 133 1055 non
153 1004 384 1077 quacumque
399 986 586 1075 volumus,
613 982 878 1074 dissociamus,
905 979 977 1055 sine
999 980 1113 1054 dubio

55 1103 97 1153 ea
112 1103 190 1173 quae
208 1097 309 1156 extra
326 1085 550 1157 voluntatem
568 1081 708 1179 spiritus
721 1081 756 1155 δι
771 1097 874 1155 extra
885 1080 1115 1156 voluntatem

55 1180 172 1253 carnis
183 1180 360 1278 designata
373 1180 472 1255 sunt:
497 1183 573 1257 utst
589 1183 663 1255 aliis
676 1181 881 1255 nominibus
897 1180 1112 1279 diceremus,

55 1279 138 1371 quia
149 1282 275 1361 melius
285 1281 524 1357 esthominem
535 1295 596 1355 aut
605 1282 642 1354 in
654 1283 789 1355 virtute
802 1278 885 1374 else,
896 1278 1113 1353 autinmall-

53 1378 127 1469 tia,
140 1426 143 1431 ·
156 1398 262 1471 quam
277 1381 316 1454 in
332 1383 434 1455 nullo
447 1383 593 1455 horum:
622 1382 736 1455 anima
751 1400 844 1455 vero
860 1380 1065 1473 priusquam
1077 1376 1113 1451 se

55 1492 251 1553 convertat
262 1480 305 1552 ad
322 1478 525 1573 spiritum&
536 1502 645 1555 unum
660 1478 832 1555 efficiatur
845 1500 931 1555 cum·
941 1501 1009 1572 eo,
1029 1477 1115 1563 dunt
1203 1533 1207 1540 .

56 1576 213 1650 adheret
227 1580 396 1674 corpori,
423 1580 518 1655 &de
540 1582 738 1654 cunalibus
758 1582 918 1676 cogitat,
943 1575 1125 1670 nequein.

54 1676 158 1751 bono
180 1676 273 1753 statu
293 1678 436 1753 videtur
457 1678 555 1771 elle,
589 1701 705 1771 neque
726 1677 907 1752 manifeste
931 1676 968 1749 in
990 1676 1113 1768 malo,

54 1772 115 1849 sed
131 1774 200 1849 effe
214 1778 352 1852 animali
374 1776 443 1873 (ut
457 1781 508 1851 ita
529 1776 705 1875 dixerim)
725 1777 854 1851 smilis.
903 1774 1039 1849 Melius
1053 1794 1113 1845 au·

54 1887 130 1949 tem
152 1874 264 1948 estut
290 1874 416 1951 fifieri
441 1878 561 1971 potest
585 1877 764 1951 adherens
785 1874 921 1970 spiritui
940 1870 1113 1953 efficiatur

51 1970 228 2066 spiritalis.
278 1976 314 2047 Si
336 1997 429 2049 vero
452 1974 531 2051 fieri
550 1998 626 2049 non
651 1974 799 2073 potest,
836 1974 947 2069 magis
968 1970 1115 2065 expedit

54 2094 134 2157 eam
150 2075 213 2147 vel
236 2076 351 2149 carnis
363 2074 532 2151 malitiam
553 2074 674 2169 sequi,
700 2075 856 2167 quamin
871 2071 940 2145 suis
962 2069 1116 2165 positam

54 2172 334 2269 voluntatibus,
369 2175 526 2249 animalis
544 2173 796 2249 irrationabilis
821 2170 950 2251 statum
974 2183 1114 2246 tenere.

53 2268 145 2345 Haec
167 2286 285 2349 autem
304 2273 530 2349 tractavimus
546 2276 716 2349 volentes
727 2272 937 2371 ungularum
956 2266 1115 2343 assertio·

54 2391 140 2445 num
169 2371 331 2445 disserere
357 2374 575 2469 opiniones,
613 2372 777 2467 ampliori
804 2392 909 2465 quam
930 2368 1119 2443 voluimus-

54 2470 105 2543 usr
116 2469 288 2564 excursu,
314 2472 368 2545 uti
384 2494 432 2547 ne
443 2475 556 2548 latere
573 2495 641 2547 nos
655 2484 868 2568 putarentur
888 2488 1023 2559 eaquae
1035 2488 1115 2541 nro·
1143 2530 1146 2535 .

54 2570 136 2643 veri
148 2570 276 2644 solent
298 2574 341 2646 ab
363 2572 417 2645 his
434 2574 495 2665 qui
513 2585 696 2666 quarunt,
721 2569 902 2660 utrumstt
916 2568 983 2640 alia
998 2566 1116 2641 anima

54 2669 93 2743 in
107 2671 215 2743 nobis
231 2686 359 2764 praeter
378 2672 470 2746 hanc
487 2672 662 2747 coelestem
680 2671 715 2745 bt
734 2667 1008 2760 rationabilem,
1033 2685 1115 2757 qum

54 2767 138 2841 huic
164 2772 372 2844 naturaliter
406 2770 634 2865 adversetur,
670 2770 886 2843 &vocetur
917 2767 980 2839 vel
1005 2784 1113 2859 caro,

53 2867 116 2939 vel
130 2866 299 2961 sapientia
312 2866 444 2963 cainis,
472 2873 533 2945 vel
553 2871 668 2945 anima
688 2870 815 2945 cunis.

129 2988 163 3056 4.
191 2966 302 3040 Nunc
325 2968 509 3043 videamus
533 2968 618 3062 quid
635 2968 743 3043 etiam
765 2964 951 3042 adversum
965 2964 1042 3037 haec
1057 2983 1115 3036 re·
1171 3046 1174 3053 ,

51 3063 221 3158 sponderi
236 3067 349 3141 soleat
367 3069 409 3140 ab
422 3070 477 3142 his
494 3072 554 3160 qui
572 3067 771 3143 defendunt
783 3087 894 3139 unum
910 3063 980 3139 effe
992 3063 1031 3137 in
1047 3082 1114 3135 no·

51 3166 108 3238 bis
120 3180 280 3259 motum,
308 3167 462 3243 &unam
482 3170 595 3241 vitam
610 3166 715 3241 unius
734 3165 964 3259 ejusdemque
975 3162 1112 3255 ammae,

53 3266 155 3356 cujus
174 3264 248 3339 five
271 3265 383 3358 salus,
417 3267 491 3340 sive
510 3266 668 3361 perditio
689 3262 881 3341 secundum
907 3260 1003 3335 ailus
1029 3258 1113 3333 suos
1145 3316 1148 3322 .

51 3364 117 3457 ipsi
134 3366 279 3458 proprie
302 3364 526 3441 adscribatur.
578 3362 628 3439 Et
646 3366 764 3461 primo
790 3362 971 3437 videamus
996 3361 1113 3453 cujus·

51 3463 152 3539 modi
168 3465 236 3539 sint
252 3466 423 3558 passiones
443 3464 549 3539 animi
568 3485 654 3557 quas
674 3464 827 3559 patimur
840 3482 922 3535 cum
942 3456 1112 3533 sentimus

51 3564 147 3637 intra
161 3562 400 3657 nosmetipsos
416 3566 565 3638 velutin
582 3579 700 3659 partes
711 3582 780 3635 nos
795 3560 871 3653 rapi
889 3559 1112 3655 perstngula:

54 3684 137 3737 cum
152 3685 269 3759 pugna
286 3661 441 3755 quaedam
459 3660 502 3735 fit
521 3656 782 3760 cogitationum
800 3660 837 3733 in
859 3658 1027 3731 cordibus
1044 3676 1113 3727 no·

51 3762 155 3854 stris,
182 3762 387 3855 &quaedam
404 3764 509 3837 nobis
525 3760 845 3835 veristmilitudines
863 3756 1113 3865 suggeruntur,
1174 3840 1179 3851 ,

57 3865 300 3962 quibusnam
318 3862 467 3961 inhoc,
492 3883 590 3941 nttnc
609 3864 648 3937 in
667 3858 991 3957 annuutiamus
1007 3906 1025 3947 ι
1045 3872 1128 3943 ilb-

551 3964 577 4049 s
603 3986 628 4077 3
937 3958 1102 4047 busque
1129 4058 1133 4065 Ι
