2498 4254
114 155 331 280 snb
379 175 916 260 MARTYRIUM.
1028 186 1104 279 σι,

58 359 76 413 u
92 340 198 438 igitur
213 342 274 434 qui
294 342 456 431 mensura
470 357 541 416 tuae
565 344 611 418 de
627 365 688 419 me
708 342 939 418 confeffionis
957 343 1102 419 mensus

59 461 98 520 s,
122 441 298 530 mensuram
310 445 471 538 accipies
490 462 580 517 meae
601 444 647 517 de
667 450 706 517 te'
726 443 958 533 confeliionis
987 444 1125 514 lunam'

58 538 275 632 icmsestam
304 545 343 619 Θ
371 548 560 637 coagitatam
587 545 631 629 θ’
648 540 918 639 firperreffluentem
943 548 981 614 in
992 543 1103 639 finum

58 663 140 711 uum:
166 654 208 713 tu
225 661 317 714 vero
343 642 404 733 qui
425 642 629 743 negationis
652 642 816 716 mensura
836 641 977 717 mensus
1003 662 1042 716 es
1067 640 1103 714 dt

58 736 169 835 ‚egesti
192 760 275 827 me,
301 741 453 834 recipies
469 742 672 838 negationis
690 740 863 816 mensuras
878 739 1103 836 responden·

58 859 109 912 em
130 836 328 917 mensuram
349 847 439 915 m'eae
456 842 502 915 de
517 854 556 913 te
572 842 788 938 negationis.

112 957 168 1012 11.
201 940 284 1036 Qua
318 954 439 1014 autern
475 941 616 1014 tatione
646 941 838 1034 impleatur
867 936 1102 1013 confellionis

58 1035 194 1111 sensura
216 1052 375 1112 autnon
396 1039 609 1133 impleatur,
634 1038 694 1112 sed
717 1053 846 1112 contra
868 1034 1103 1132 deficiat,s1c

58 1134 272 1229 ispiciemus.
322 1136 359 1210 Si
385 1158 450 1232 per
472 1150 592 1211 totum
609 1138 849 1230 inquilitionis
874 1137 910 1210 dt
926 1138 1103 1210 tentatio·
1141 1188 1144 1195 ,

60 1237 91 1308 is
112 1247 254 1331 tempus
284 1236 408 1311 locum
436 1236 585 1310 diabolo
606 1257 685 1313 non
715 1239 840 1312 demus
864 1238 903 1308 in
928 1235 1102 1309 cordibus

61 1332 164 1409 ostris
191 1337 251 1426 qui
278 1356 349 1408 nos
374 1337 562 1429 inquinare
592 1339 673 1409 vult
695 1336 979 1433 cogitationibus
998 1334 1103 1410 malis
1179 1414 1185 1431 „

58 1444 98 1505 ut
118 1435 321 1530 negationis
347 1445 409 1508 aut
433 1436 690 1527 dubitationis,
725 1448 788 1507 aut
815 1436 973 1529 cujusvis
1000 1433 1104 1525 quod

59 1532 223 1609 robabile
245 1533 413 1607 videatur
437 1532 472 1607 dt
490 1533 595 1608 adea
613 1556 692 1626 quae
715 1535 897 1627 Martyrio
925 1533 960 1606 dt
982 1530 1103 1629 perfe·

58 1633 144 1704 lioni
161 1631 243 1705 sunt
267 1634 413 1708 inimica
437 1631 633 1722 sollicitet3
658 1633 683 1706 st
708 1654 778 1707 nos
807 1630 903 1725 ipsos
925 1645 1103 1727 praeterea
1174 1709 1176 1715 ,

60 1731 136 1802 ullo
159 1735 277 1806 verbo
301 1735 522 1805 maculemus
543 1731 642 1824 quod
661 1755 681 1804 a
701 1731 925 1807 confeffione
941 1732 1101 1805 alienum

60 1841 94 1900 t:
120 1828 291 1903 ncunoa
314 1830 469 1905 feramus
493 1830 831 1905 &adversariorum
858 1831 1100 1915 contumelias

58 1947 67 1998 t
85 1927 236 2001 ludibria
254 1929 287 2000 dt
305 1928 392 2002 risus
420 1927 656 2025 &infamiam
677 1929 1007 2005 &misericordiam
1029 1948 1101 2020 qua
1160 1970 1163 1977 ,
1184 1986 1186 1991 .

60 2024 145 2099 ostri
160 2027 316 2100 misereri
337 2027 509 2102 videntur
528 2050 620 2122 quos
638 2038 770 2123 nempe
787 2041 949 2102 errantes
967 2026 1001 2100 dt
1016 2026 1103 2103 stul.

58 2146 94 2197 us
118 2125 356 2218 arbitrantur,
382 2126 614 2223 &deceptus
634 2141 795 2202 vocant:
822 2127 963 2201 adhaec
986 2125 1014 2200 fi
1034 2148 1101 2199 ne·

58 2236 103 2296 ue
120 2245 191 2297 nos
215 2225 366 2298 divellat
383 2237 492 2319 atque
512 2225 681 2325 distrahat
699 2227 896 2301 liberorum
924 2227 1100 2299 uxorisve
1160 2267 1166 2283 κ

58 2344 156 2416 mor,
184 2337 245 2397 aut
262 2326 410 2419 alicujus
431 2347 558 2399 eorum
583 2348 662 2418 quae
686 2327 853 2401 eariffima
875 2329 913 2399 in
932 2327 1009 2397 vita
1031 2333 1119 2418 pu-'

58 2435 153 2496 intur
171 2421 262 2512 elie3
295 2436 337 2497 ut
357 2437 419 2497 aut
441 2423 713 2520 possesionibus
735 2439 798 2499 aut
821 2426 906 2498 huic
925 2423 990 2520 ipli
1012 2427 1099 2498 vitae

58 2543 246 2609 aereamus,
272 2522 332 2597 sed
346 2527 390 2598 ab
404 2527 459 2598 his
476 2525 645 2598 omnibus
660 2524 791 2616 aversi,
814 2526 884 2599 toti
899 2524 973 2599 Dei
992 2523 1124 2598 limos*

58 2621 178 2711 jusque
194 2625 279 2694 vitae
295 2643 373 2713 quae
385 2644 466 2697 cum
477 2624 557 2715 ipso
570 2622 605 2695 te
618 2623 712 2716 apud
730 2623 842 2718 ipsum
859 2621 923 2717 est,
939 2630 982 2696 ut
996 2642 1100 2697 com·

58 2722 245 2791 tunionem
267 2720 424 2796 habituri
450 2742 532 2815 curn
558 2723 749 2816 unigenito
773 2725 848 2814 ejus
877 2719 956 2794 filio
983 2720 1017 2793 dt
1040 2720 1100 2794 hle

58 2818 91 2888 ui
113 2819 189 2909 ejus
208 2821 401 2912 participes
420 2819 519 2892 sunt:
545 2832 638 2912 tunc
653 2839 723 2892 nos
748 2819 980 2894 confessionis
998 2839 1121 2892 mem·
1170 2872 1173 2879 ‚

58 2937 142 2990 tram
156 2916 355 3009 impleville
372 2919 492 2994 dicere
514 2920 726 3012 poterimus.
777 2921 814 2992 Si
828 2940 920 2992 vero
940 2921 1003 2992 vel
1018 2937 1098 2991 uno

58 3014 177 3088 lorum
204 3017 326 3106 aliquo
356 3016 616 3106 defecerimus,
654 3037 731 3090 non
754 3019 1010 3113 implevimus,
1036 3016 1099 3095 sed

58 3116 295 3205 squinavimus
329 3114 561 3189 confeffionis
589 3116 803 3194 mensuram·
848 3119 1100 3214 'Quapropter

58 3213 266 3309 rdigebimus
288 3215 331 3286 iis
355 3217 483 3307 quibus
512 3214 676 3312 indigent
700 3219 761 3306 qui
789 3213 1096 3311 superaedificave-

58 3327 113 3386 mt
126 3312 478 3410 super'fundumenrum
494 3316 601 3409 ligne,
629 3316 840 3408 autfertum,
860 3331 920 3387 ortt
932 3316 1093 3411 stipulans.

105 3436 161 3488 12.
187 3412 379 3487 Sciendum
400 3412 434 3486 dt
454 3415 542 3501 illud
558 3412 610 3487 est
630 3433 701 3487 nos
723 3415 758 3486 id
780 3415 878 3508 quod
894 3413 1025 3489 dicitur
1041 3428 1096 3488 te·

59 3525 240 3589 amentum
280 3511 352 3586 Dei
384 3515 493 3586 certis
534 3513 847 3590 conventionibus
875 3511 1092 3607 'suscepille,

58 3631 114 3684 uas
129 3626 204 3691 tum
226 3613 377 3685 fecimus
400 3633 481 3685 cum
504 3633 574 3686 nos
583 3614 687 3704 juxta
703 3609 934 3686 Christianam
949 3614 1111 3708 religio·

58 3732 111 3783 ern
143 3709 303 3784 victuros
340 3714 554 3806 recepimus.
606 3711 673 3784 His
699 3726 819 3787 autern
849 3711 978 3786 nostris
1008 3730 1092 3787 cum

58 3821 112 3881 leo
145 3811 456 3889 conventionibus
490 3810 712 3907 Evangelica
753 3815 872 3893 oannis
907 3809 1111 3904 disciplina·

565 3913 689 4010 qu
954 3931 1051 3979 euxe-
1095 3946 1131 3997 χ

264 4132 275 4218 l
362 4205 366 4213 .
