2498 4254
168 72 171 77 ¹
251 133 333 213 ur
378 108 746 234 irruemus,
795 134 997 216 L1n1v.
1083 149 1185 236 sn.

90 304 153 377 vel
170 321 190 374 a
206 276 402 396 religioso,
429 311 490 372 aut
517 300 752 374 certe-minus
771 300 840 395 piis
861 301 1070 395 parentibus
1093 294 1156 400 ge·
1179 364 1185 374 ,

90 403 209 476 nerari
230 403 281 474 ita
309 412 350 471 ut
370 399 562 491 aliquando
591 401 779 495 contingat
799 398 990 477 Israelitam
1008 405 1046 475 in
1068 402 1155 496 Scy·

90 500 171 576 thas
190 498 429 595 descendere,
457 499 490 571 &
512 494 723 594 AEgyptium
740 520 935 593 pauperem
958 499 1087 574 deduci
1109 499 1176 575 ad.

89 600 259 697 Judaeam.
312 600 574 673 Verumtamen
597 597 765 671 Salvator
789 597 912 673 noster
933 621 1154 697 congregare

90 701 198 775 venit
218 719 311 773 oves
331 719 409 789 quae
426 699 609 793 perierant
627 697 757 772 domus
777 695 903 772 lsrael:
921 699 962 787 ‚dr
977 722 1059 776 curn
1075 703 1154 795 plu·

88 799 171 873 rimi
190 820 236 872 ex
252 794 417 897 Israelitis
434 817 512 883 nqn
533 795 791 889 acquievissent
804 795 973 872 doctrine
991 801 1088 892 ejus,
1114 798 1154 876 hi

71 896 150 993 ¹qui
175 918 221 973 ex
247 899 414 993 gentibus
438 909 562 988 erant,
597 898 722 968 vocati
748 896 839 973 sunt
891 895 1002 971 Unde
1026 898 1181 974 conse-'²

88 1019 205 1091 queue
227 997 409 1069 videbitur
425 998 533 1069 etiam
549 997 855 1090 prophetiaeque
871 995 1012 1092 fingulis
1035 1001 1154 1094 genti·

88 1100 158 1171 bus
179 1096 435 1192 proferuntur,
459 1097 628 1169 revocari
652 1099 762 1191 magis
784 1096 828 1169 ad
842 1097 975 1170 animas
995 1098 1152 1189 debere,

88 1196 124 1269 u
141 1195 296 1270 diversas
315 1195 518 1270 mansrones
536 1215 657 1269 earum
682 1193 850 1269 caelestes.
902 1193 972 1268 Sed
990 1198 1023 1270 dr
1040 1196 1152 1272 histo·

87 1298 159 1369 rias
176 1316 293 1371 rerum
315 1293 511 1390 gestarum,
538 1315 615 1386 quae
633 1295 802 1367 dicuntur
819 1297 882 1368 vel
902 1297 1002 1390 genti
1019 1293 1151 1394 Israel,

87 1397 152 1469 vel
164 1393 371 1489 Jerusalem,
397 1396 458 1467 vel
476 1393 607 1491 Judaeae
623 1392 800 1487 accidisse,
825 1395 894 1469 illis
909 1397 971 1468 vel
983 1397 1052 1469 illis
1066 1416 1152 1492 gen·
1232 1434 1234 1441 1

87 1494 185 1567 tibus
211 1494 524 1590 impugnantibus,
560 1492 851 1588 perscrutandum
876 1491 928 1567 est
950 1494 984 1567 dt
1010 1497 1153 1603 perqui-

86 1592 240 1667 rendum
262 1596 434 1683 quoniam
454 1595 492 1667 in
511 1594 779 1688 quamplurimis
801 1596 1040 1686 corporaliter
1053 1596 1153 1690 gesta

86 1714 167 1770 non
184 1690 353 1767 constant
371 1694 689 1789 quomodonqagis
710 1678 775 1767 ista
790 1695 1064 1768 conveniebant
1078 1697 1151 1771 illie

86 1793 255 1890 gentibus
277 1793 495 1885 animarum,
521 1813 599 1886 quae
616 1793 654 1865 in
671 1794 766 1865 coelo
786 1792 855 1864 isto
878 1793 977 1883 quod
1002 1796 1162 1869 transire·

88 1892 242 1984 dicitur,
268 1891 456 1985 habitant,
481 1895 542 1964 vel
561 1892 782 1966 etiamnunc
800 1892 962 1965 habitare
982 1888 1151 1987 putandae

86 1990 183 2067 sont
233 1988 268 2064 Si
286 1992 364 2081 quis
384 2012 477 2065 vero
501 1992 714 2084 evidentes,
736 1990 773 2065 dr
790 1991 871 2065 satia
886 1991 1087 2066 manifestas
1104 1991 1153 2068 as·

85 2090 265 2165 fertiones
281 2089 412 2165 horum
430 2091 474 2164 de
485 2090 666 2187 scripturis
681 2086 806 2164 sanclis
821 2091 993 2181 exposcat
1008 2112 1028 2163 a
1041 2092 1150 2168 nobis

85 2190 379 2284 respondendum
399 2188 450 2263 est
468 2191 550 2281 quia
572 2193 758 2263 occultare
776 2191 887 2287 magis
908 2191 984 2263 haec
1001 2190 1151 2284 Spiritui

85 2287 208 2364 santio
226 2291 264 2362 in
286 2290 341 2361 his
362 2310 441 2381 quae
460 2289 632 2364 videntur
647 2287 718 2363 effe
733 2286 888 2363 historie
905 2310 1024 2366 rerum
1040 2290 1151 2388 gesta·

84 2409 186 2481 rum,
213 2388 374 2461 &altius
400 2402 524 2487 tegere
545 2389 731 2475 consilium
755 2389 846 2482 fuit,
870 2390 1056 2482 inquibus
1075 2388 1151 2465 des·

88 2490 246 2564 cendere
277 2486 447 2561 dicuntur
476 2491 513 2562 in
546 2486 769 2584 AEgyptum,
808 2491 870 2560 vel
902 2493 1076 2585 captivari
1110 2492 1151 2570 in

86 2587 356 2682 Babyloniam,
391 2590 454 2661 vel
484 2590 531 2673 in¹
556 2587 611 2661 his
642 2588 723 2682 ipis
756 2588 964 2684 regionibus
1006 2588 1151 2685 quidam

88 2687 233 2781 quidem
256 2687 434 2763 humiliari
460 2688 567 2771 nimia
596 2684 717 2763 &sub
741 2685 891 2762 servitio
919 2685 1011 2762 effici
1037 2690 1151 2781 domi:

967 2806 1101 2862 norum

311 2927 738 3002 Iurrnrnarurro
778 2949 926 3002 novu.

86 3026 198 3102 versis
216 3027 251 3101 dc
268 3034 364 3103 veris
391 3029 587 3102 animarum
606 3029 798 3124 generibus
822 3027 856 3101 dr
876 3026 993 3100 veluti
1012 3024 1150 3106 semini·

86 3128 155 3202 bus
174 3145 253 3220 quae
269 3149 388 3223 prope
403 3126 509 3201 Israel
532 3129 592 3201 vel
609 3128 739 3222 procul
758 3127 861 3219 sunt,
894 3129 1150 3220 continentur}

85 3224 147 3302 sed
164 3226 197 3300 dc
216 3226 404 3301 descensus
420 3227 458 3298 in
480 3223 679 3324 AEgyptum
696 3225 918 3323 septuaginta
934 3226 1152 3331 animarum5

85 3340 129 3401 ut
141 3328 191 3402 ibi
210 3327 253 3401 ad
268 3325 536 3403 multitudinem
550 3325 731 3403 stellarum
748 3323 829 3398 coeli
843 3339 1053 3423 augeantur..
1074 3326 1151 3403 Vei

697 3452 702 3469 ¹
1018 3444 1099 3502 rum

87 3610 181 3674 mas,
214 3592 256 3657 iis
279 3589 444 3659 animabus
468 3613 537 3686 qua
567 3589 603 3659 de
622 3588 778 3687 superiori
803 3585 874 3657 coeso
896 3586 937 3657 ad
960 3585 1066 3685 nostra
1088 3587 1151 3661 hai

87 3686 226 3760 tutacula
244 3694 461 3784 pervenientes
485 3692 701 3788 quodammodo
719 3702 849 3775 monuo
861 3685 961 3774 suus,
997 3688 1155 3783 prudenti

87 3786 327 3885 investigariuu
343 3791 526 3864 rimandum
541 3791 603 3890 ess,
627 3813 673 3864 an
684 3789 747 3880 ‘suc
766 3787 867 3891 ipsvm
880 3780 1032 3891 prffimus
1054 3792 1151 3904 crim

1061 3908 1112 3957 ἢ
1151 3938 1159 3949 .
