2498 4254
297 164 415 253 ,DE
465 172 904 253 ORATI'ONE
1070 196 1145 274 473

87 340 256 442 quidquam
282 343 319 409 in
343 345 471 410 nomint
500 363 589 428 me03
621 359 747 412 verum
773 338 807 412 ἃ
832 341 944 414 illud:
979 340 1082 411 Petite
1105 334 1148 416 ὅ

87 445 261 536 accipietis,
290 455 328 509 ut
347 444 497 534 gaudium
521 440 655 537 uestrum
672 438 721 536 fit
746 443 881 533 plenum.
921 439 968 531 ,Si
990 436 1149 532 quino·

87 551 163 612 tem
187 538 364 613 Christum
385 538 495 634 ipsum
513 541 692 615 orandum
708 551 842 633 putet,
875 540 1050 631 verbique
1072 541 1147 611 ado-

86 663 161 711 rare
181 635 454 736 *significatione
486 643 648 714 turbatus
679 639 833 712 adducat
862 640 973 712 illude
1003 641 1148 712 Adormt

86 764 158 810 eum
184 764 286 808 amares
311 740 426 832 Augeii
454 744 546 830 Dei,
584 738 683 832 quod
713 740 751 811 in
782 738 1078 812 Deuteronomio
1101 739 1149 814 do

88 835 232 911 Christo
254 837 323 910 dici
347 840 384 911 in
408 836 572 912 conieffo
594 836 668 912 est:
701 837 989 933 respondendum
1006 837 1070 931 ipsr
1090 858 1149 931 ες·Ι

89 938 230 1010 elestam
254 958 401 1028 quoque
424 958 502 1029 qua
519 936 710 1032 Jerusalem
730 959 749 1009 a
773 935 954 1031 Propheta
979 951 1147 1031 vocatur,

89 1039 267 1132 aregibus
290 1035 474 1132 &reginis
499 1037 720 1129 quinutritii
749 1037 825 1127 ejus
842 1038 1075 1126 nutricesque
1095 1037 1149 1110 fu·
1176 1055 1180 1061 '

87 1138 160 1207 turi
186 1135 295 1227 sunt,
321 1137 537 1209 adorandam
556 1136 627 1208 dici
648 1136 703 1208 his
725 1136 873 1215 verbis:
906 1136 985 1206 Ecce
1002 1136 1086 1209 elevo
1109 1136 1150 1209 at

83 1251 194 1328 gentes
210 1258 337 1307 manum
352 1226 449 1309 meam
465 1235 502 1312 θ
520 1237 560 1306 ad
574 1235 695 1322 insulas
710 1236 817 1306 levain
818 1234 945 1332 signum
960 1259 1057 1310 meum
1073 1263 1084 1306 r
1108 1241 1150 1313 Θ·

88 1336 334 1428 addutmrfiiios
343 1351 415 1405 tuos
426 1335 561 1433 infime.-
586 1334 624 1411 di
633 1337 719 1422 filias
730 1351 802 1408 tuas
811 1335 907 1432 stipor
921 1337 1067 1407 humeros
1076 1358 1148 1433 por·

89 1434 219 1505 tabunt.
271 1436 320 1506 Er
335 1450 432 1506 erunt
444 1439 539 1529 Reges
551 1439 691 1507 nutricii
706 1439 777 1524 tui,
797 1434 1149 1533 &principesfoeminae

89 1556 213 1621 eorum,
230 1539 371 1606 nutrires
384 1551 454 1609 aaa.
487 1536 586 1632 Super
599 1535 718 1629 faciem
735 1550 830 1606 terra
849 1536 1091 1624 adoratumae,
1110 1534 1150 1612 θ’

82 1635 248 1733 puluerem
257 1636 368 1731 pedum
383 1650 509 1707 tuorum
522 1637 659 1729 lingent.
689 1637 737 1706 Et
751 1637 824 1718 scies
839 1641 971 1733 quiaego
981 1640 1148 1724 Dominus,

66 1810 70 1819 ,
89 1732 130 1810 ὁ
146 1757 211 1805 non
226 1734 442 1826 confundens.
494 1732 634 1826 Ecquid
652 1754 697 1807 ex
719 1734 794 1826 ejus
815 1750 939 1809 mente
958 1737 1018 1828 qui
1040 1737 1150 1813 dixit:

90 1837 183 1926 Quid
196 1836 336 1907 medicis
350 1830 489 1905 ionum?
513 1834 713 1905 nemobonus
730 1833 791 1928 nifi
807 1857 893 1905 unus
909 1840 1018 1918 Deus,
1037 1853 1150 1931 parer,

91 1932 189 2006 aliud
203 1933 272 2005 dici
286 1931 478 2028 potestniir
493 1934 589 2006 hac:
616 1933 715 2030 Quid
730 1954 789 2005 me
803 1931 913 2006 oraai
940 1933 1064 2008 sotum
1087 1952 1165 2031 pa··

90 2044 183 2105 trem
197 2052 304 2118 orare
322 2046 474 2126 oportet
484 2053 590 2125 quem
604 2031 718 2129 &ego
736 2051 824 2122 oro,
844 2033 942 2124 quod
955 2054 1020 2126 per
1036 2033 1150 2108 sacrat

91 2129 223 2205 discitis
240 2131 440 2226 scripturas.
489 2132 574 2221 Nec
589 2132 685 2204 enim
709 2151 791 2203 eum
812 2152 916 2207 orare
934 2132 1075 2206 debetis
1091 2134 1152 2224 qui

90 2230 260 2326 pontifex
277 2251 344 2326 pro
360 2232 467 2303 vobis
491 2229 708 2305 constitutus
730 2226 780 2301 est
801 2253 819 2301 a
836 2245 960 2325 patre,
987 2231 1152 2305 &advo-

93 2330 165 2402 cati
187 2351 207 2403 a
228 2342 329 2423 patre
348 2350 478 2403 munus
504 2330 669 2424 accepit,
692 2327 761 2402 ied
786 2350 852 2423 per
875 2327 1089 2424 pontificem
1115 2332 1164 2405 dt·

92 2429 310 2502 advocatum
330 2434 387 2528 qui
397 2424 489 2524 pff}
507 2434 642 2526 compati
654 2430 904 2523 infirmitatibus
917 2430 1030 2527 vestris
1044 2447 1151 2507 tenta·

91 2545 162 2601 tum
179 2548 235 2626 per
252 2536 358 2600 amnia
373 2548 430 2623 per
438 2532 683 2627 similitudinem
698 2530 814 2628 vestri,
839 2528 899 2603 sed
919 2532 1029 2623 patris
1048 2530 1153 2605 dono

90 2633 271 2702 tentatum
291 2630 402 2727 aisque
417 2624 547 2725 peccaro.
598 2627 735 2703 Discite
752 2649 840 2723 ergo
863 2642 1035 2720 quantum
1054 2650 1073 2699 a
1093 2651 1166 2723 pa·¹

91 2740 150 2800 tre
164 2747 249 2801 meo
272 2728 409 2804 donum
425 2729 639 2824 acceperitis
659 2747 741 2800 cum
759 2747 824 2821 per
839 2728 1152 2823 regenerationem

93 2828 131 2899 in
147 2847 206 2900 rna
221 2824 347 2900 fabiam
372 2825 557 2920 accepistis
573 2827 732 2920 ipiritum
753 2824 962 2919 adoptionis
980 2839 1021 2898 ut
1040 2846 1152 2899 voce·

91 2927 180 3005 mini
195 2923 259 2997 iiiii
278 2925 349 2999 Dei
367 2927 401 3000 dt
421 2926 548 2998 iratres
564 2927 646 2999 mei.
698 2922 847 3019 Legistia
865 2925 961 2997 eninr
981 2925 1066 3016 quid
1082 2944 1153 3021 ego

53 3024 162 3098 *ore
183 3024 336 3098 Davidis
362 3025 406 3098 ad
431 3038 568 3119 patrem
597 3023 644 3099 de
671 3023 780 3095 vobis
808 3023 976 3097 dixerima
1002 3025 1173 3097 Narrabo.

92 3148 208 3196 nomen
227 3138 319 3195 tuum
338 3125 501 3218 fratribus
527 3128 621 3210 mur,
646 3126 685 3192 in
706 3122 803 3193 medio
822 3122 943 3215 ecciefiae
961 3121 1091 3195 tanobo
1108 3141 1153 3196 te.

92 3221 255 3299 Fratrem
272 3234 392 3298 autem
411 3225 504 3296 orari
522 3223 633 3297 abeis
654 3228 714 3314 qui
732 3222 863 3297 eodem
878 3240 951 3311 quo
970 3222 1032 3299 iile
1051 3236 1154 3318 patra

94 3324 326 3420 gloriantur,
359 3326 452 3395 ratio
477 3343 555 3396 non
580 3323 724 3416 patitur.
786 3319 846 3392 Ad
874 3318 988 3395 solum
1014 3332 1154 3416 patrem

94 3442 240 3496 mecum
258 3420 292 3495 dt
313 3443 452 3515 perne
470 3421 656 3517 dirigenda
676 3443 696 3494 a
717 3421 824 3492 vobis
845 3421 964 3492 oratio
987 3419 1048 3496 est.

177 3524 232 3597 16.
257 3520 346 3594 Haec
367 3522 548 3595 dicentem
571 3519 757 3592 audientes
776 3517 920 3613 Jesum,
944 3517 1066 3592 Deum
1089 3532 1157 3611 p‘er

97 3617 209 3713 ipsum
242 3640 407 3711 oremus,
444 3619 610 3709 idemque
637 3619 796 3691 dicamus
829 3636 978 3709 omnes,
1013 3638 1084 3693 nec
1110 3617 1158 3691 do

99 3720 276 3790 orationis
298 3721 411 3792 modo
433 3712 643 3792 dividamur.
696 3714 759 3796 An
779 3717 970 3789 nonenim
992 3715 1091 3788 divisr
1105 3712 1159 3789 su·

99 3838 201 3911 mus,
237 3816 262 3889 ss
288 3819 532 3915 adimerem,
569 3818 626 3890 aiii
647 3834 793 3905 oremus
814 3804 958 3892 inunt
989 3812 1161 3892 Incidunt

596 3913 663 4016 Gg
688 3934 708 4007 ς
814 3974 819 3981 .
1018 3914 1130 3989 uum
