2498 4254
78 178 209 280 ιη’
304 166 307 173 ’
392 164 802 269 on-ioitnis

78 354 225 450 devitlo
240 356 367 433 mortis
384 356 535 451 imperio
551 376 631 429 cum
646 354 767 449 spoliis
784 354 996 431 redeuntem
1016 374 1116 460 qimoi

78 462 150 535 tuis
173 458 299 551 cernit.
350 456 506 551 Propter
525 457 624 548 quod
643 459 724 530 cum
750 457 849 530 omni
862 471 963 529 metu
980 456 1016 529 δι
1038 476 1116 531 reve

79 559 197 633 rentia
212 557 527 650 contemplandum
546 554 621 649 est,
646 568 689 629 ut
704 558 743 629 in
766 576 844 629 uno
870 556 1073 647 eodemque
1089 556 1116 629 it

79 659 267 749 utriusque
282 668 417 730 natura·
436 657 568 728 veritas
585 656 868 747 demonstretur,
893 667 936 727 ut
951 656 1116 747 nequeal

82 758 167 851 quid
188 756 372 852 indignum
394 756 429 829 δι
448 756 616 829 indecens
636 756 673 827 in
690 756 813 828 diuina
836 755 896 828 illa
918 752 1116 828 &ineffabi

81 854 248 930 substatia
278 854 474 947 sentiatur,
509 877 625 946 neque
657 854 793 928 rursum
818 876 896 947 que
920 854 1017 951 gesta
1035 854 1116 951 „sunt

80 955 173 1031 falfis
191 953 290 1028 illusa
302 955 510 1051 imaginibus
530 954 783 1029 existimentur.
836 956 928 1055 Quae
947 954 1089 1047 quidem
1103 954 1116 1027 i·

50 1070 53 1075 ·
83 1077 185 1129 aures
210 1055 380 1128 humanas
406 1055 598 1148 proferre,
634 1053 913 1137 &sermonibus
940 1054 1116 1146 explicare

80 1157 191 1249 lon'ge
207 1154 305 1226 vires
327 1155 388 1233 vel
410 1154 529 1227 meriti
551 1152 686 1249 nostri,
713 1154 776 1226 ¹vel
799 1154 929 1251 ingenii
951 1175 993 1225 ac
1015 1150 1116 1225 serint

81 1254 139 1327 nis
165 1252 318 1327 excedit.
368 1250 541 1326 Arbitror
568 1268 686 1326 autem
710 1255 791 1346 quia
813 1254 929 1327 etiam-
944 1250 1116 1325 sanctorm

81 1350 345 1445 Apostolorum
386 1352 668 1448 supergrediatur
705 1352 932 1426 mensuram:
982 1352 1116 1445 quiniiii

83 1453 192 1524 etiam
222 1450 372 1526 fortassis
404 1453 517 1524 totius
545 1465 715 1525 creature
748 1452 936 1525 caelestium
970 1454 1116 1524 virtutus

83 1551 301 1625 eminentior
315 1551 365 1624 est
381 1548 588 1625 sacramenti
609 1551 704 1624 istius
725 1552 943 1647 explanatio,
995 1550 1054 1624 De
1070 1568 1116 1642 qu

82 1671 153 1723 nos
170 1672 258 1723 -non
282 1652 483 1724 temeritate
509 1652 644 1743 aliqua,
670 1650 730 1724 sed
755 1652 923 1743 quoniam
950 1650 1045 1724 ordo
1069 1650 1116 1723 lo<

81 1748 268 1843 deposcit,
296 1772 338 1823 ea
354 1751 463 1846 magis
485 1772 562 1843 quae
580 1748 668 1823 fides
688 1751 808 1824 nostra
822 1750 1015 1843 continet,
1041 1768 1116 1841 quat

84 1870 162 1943 quae
190 1849 351 1922 humanae
369 1851 519 1923 rationis
537 1848 678 1923 assertio
696 1851 880 1923 vindicare
900 1848 1014 1941 solet,
1041 1868 1116 1940 quar

82 1949 290 2044 paucissimis
325 1950 577 2043 proferemus,
618 1949 832 2043 suspiciones
859 1949 980 2042 potius
1006 1944 1116 2043 nostri

84 2070 190 2141 quam
205 2048 405 2123 manifestas
423 2050 554 2142 aliquas
571 2048 820 2125 affirmationes
838 2050 876 2124 in
887 2046 1045 2124 medium
1062 2064 1116 2142 prr

83 2148 256 2223 ferentes.

163 2267 196 2337 3.
221 2245 333 2341 Igitur
347 2248 550 2342 unigenitus
567 2248 639 2322 Dei
653 2268 719 2341 per
739 2268 845 2339 quem
861 2249 982 2326 omnia
994 2246 1116 2344 fatiat

85 2340 122 2419 se
141 2345 292 2417 visibilia
312 2345 346 2416 &
369 2346 555 2421 invisibilia
579 2350 615 2421 iii
631 2347 871 2441 superioribus
892 2346 1009 2429 sermo
1037 2344 1116 2439 dispt

84 2444 236 2516 tationis
250 2444 434 2537 edocuit,
460 2445 653 2520 secundum
679 2446 857 2541 scripture
882 2440 1116 2519 sententiaml

84 2542 178 2616 fecit
192 2546 332 2636 omnia,
360 2544 490 2636 &quae
516 2547 623 2639 fecit,
653 2547 775 2640 diligit.
827 2544 922 2618 Nam
949 2567 1031 2619 cum
1054 2540 1116 2617 invi

84 2641 193 2717 sibilis
209 2640 279 2715 Dei
289 2641 361 2735 ipse
372 2645 413 2717 lit
425 2646 541 2741 imago
561 2647 758 2736 invisibilis,
773 2644 1085 2740 participationem
1093 2636 1116 2713 st·

85 2740 259 2814 universis
274 2742 544 2817 rationabilibus
562 2746 732 2818 creaturis
747 2742 969 2818 invisibiliter
984 2742 1116 2837 prebuit

84 2841 137 2914 ita
154 2852 197 2912 ut
212 2853 352 2914 tantum
376 2866 421 2915 ex
442 2866 488 2915 eo
507 2846 751 2936 unusquisque
774 2844 950 2937 participii
976 2842 1116 2917 sumeret

87 2955 226 3034 quanto
245 2962 329 3037 erga
353 2963 434 3014 eum
461 2942 659 3016 diletlionis
680 2940 862 3015 inhesilset
884 2942 1024 3033 affetlu.
1072 2938 1116 3013 Vt

85 3060 166 3121 rum
190 3061 355 3133 cumpro
375 3042 477 3114 liberi
496 3044 630 3116 arbitrii
654 3042 826 3116 facultate
843 3042 1000 3115 varietas
1025 3056 1116 3115 unun

88 3157 266 3231 quemque
293 3160 335 3211 ac
361 3139 544 3213 diversitas
564 3141 737 3215 habuisset
759 3142 979 3235 animorum,
1002 3156 1045 3214 ut
1062 3138 1116 3213 aliu

88 3237 322 3332 ardentiore,
350 3241 436 3312 alius
463 3242 681 3314 tenuiore&
701 3240 851 3313 exiliore
870 3263 953 3338 erga
970 3240 1116 3315 autlorei

88 3332 189 3409 suum
200 3359 324 3411 amore
337 3351 545 3434 teneretur,
570 3341 630 3413 illa
646 3341 759 3414 anima
777 3340 820 3412 de
842 3362 910 3432 qua
928 3342 1018 3414 dixit
1032 3336 1116 3436 jesus

87 3439 167 3533 quia
180 3460 268 3506 nemo
278 3437 407 3528 auferet
421 3469 440 3509 a
453 3446 648 3510 meanimam
665 3467 780 3529 meam,
799 3442 842 3513 ab
855 3440 961 3516 initio
982 3454 1116 3513 creant:

89 3533 318 3629 &deinceps
343 3537 621 3634 inseparabiliter
647 3543 680 3613 ei
706 3552 813 3633 atque
846 3538 1116 3613 indissociabilia

88 3632 285 3727 inhaerens,
312 3650 444 3729 utpote
461 3638 640 3732 sapientiae
665 3639 699 3711 dc
720 3640 839 3713 verbo
866 3637 937 3712 Dei
956 3639 990 3713 δι
1006 3639 1115 3712 verita

90 3754 133 3808 ac
148 3734 222 3807 luci
235 3754 354 3828 verae,
381 3738 511 3812 &tota
530 3750 649 3811 totum
668 3741 867 3834 recipieris,
895 3753 1002 3831 atque
1016 3741 1054 3811 iri
1076 3735 1116 3827 aji

89 3834 209 3911 lucem
223 3832 519 3931 splendoremque
534 3837 606 3934 ipsa
623 3839 774 3934 cedens,
799 3836 891 3914 faeta
909 3838 960 3912 est
975 3861 1056 3912 cum
1073 3829 1116 3950 ipl

972 3958 1099 4038 princi·
