2498 4254
139 48 143 53 ¹
249 108 326 185 nii
375 106 713 204 inincirns,
760 106 956 189 tiniv.
1058 135 1138 237 ³⁰⁵.

13 346 26 362 ,
69 266 337 347 observantiam
360 270 499 363 Moysis
518 271 605 369 legis
627 268 925 365 &discipulatum
939 270 983 347 -se
999 268 1137 351 Christi

70 374 279 463 cultumque
294 372 539 463 tradiderunt,
566 370 600 443 di
616 370 690 443 hoc
702 392 779 443 non
794 370 866 445 sine
885 373 1021 467 ingenti
1036 374 1131 447 odio

69 466 258 543 adversum
276 467 311 541 se
328 484 514 543 commoto
537 490 661 543 eorum
679 472 738 562 qui
751 469 932 543 simulacra
953 492 1135 565 venetam

68 582 150 661 tur,
175 571 226 641 ita
238 583 279 641 itt
296 572 339 641 ab
352 570 407 643 his
419 568 626 659 frequenter
641 568 676 641 di
690 569 902 642 cruciatibus
914 569 1135 667 affligantur„

65 688 325 759 nonnunquam
347 668 452 743 etiam
476 682 623 763 agantur
641 668 678 740 in
695 680 876 740 mortem:
911 668 1129 761 amplectun-

65 780 127 838 tur
150 780 289 859 tamen,
317 767 350 838 da
367 769 561 841 cumomni
580 764 709 840 affeitu
725 766 929 840 custodiunt
953 762 1134 843 dodrinae'

66 865 196 939 Christi
214 864 426 941 sermonem.
608 916 612 925 -

83 962 102 1017 ἲ
145 987 177 1039 2.
201 962 251 1036 Et
266 964 316 1038 est
331 965 455 1037 videre
472 963 659 1056 quomodo
674 964 780 1037 brevi
800 980 965 1060 tempore
984 964 1057 1061 ipsa
1070 987 1128 1041 re-
1193 964 1208 975 ”’

63 1066 152 1162 ligio
169 1067 287 1136 crevit
302 1064 613 1156 poenisaultorum
633 1065 884 1157 mortibusque
907 1061 1126 1161 proficiens,

64 1162 125 1237 sed
143 1163 371 1235 &bonorum
384 1162 666 1257 direptionibus,
691 1180 801 1256 atque
816 1166 861 1237 ab
876 1166 930 1237 his
948 1167 1047 1239 omni
1061 1186 1128 1261 ge·

63 1284 154 1337 nere
168 1261 420 1356 suppliciorum
432 1264 610 1353 tolerato:
637 1262 731 1335 &eo
746 1265 898 1337 maxime
914 1264 1042 1337 niirum
1057 1262 1124 1359 est,

64 1361 166 1455 quod
191 1384 236 1433 ne
262 1358 429 1433 doiiores
456 1362 597 1452 quidem
614 1362 676 1453 ipsi
697 1364 760 1436 vel
777 1362 857 1436 satis
877 1363 999 1455 idonei
1020 1362 1130 1457 sunt„

63 1463 127 1535 vel
146 1458 225 1534 satis
243 1462 383 1553 plures:
407 1461 618 1553 praedicatur
634 1474 753 1533 tamen
774 1460 887 1535 sermo
904 1462 968 1535 iste
985 1465 1020 1535 in
1036 1476 1133 1547 toto¹

63 1562 156 1633 orbe
171 1573 371 1653 terrarum,
395 1559 447 1634 ita
463 1572 505 1631 ut
519 1558 637 1637 Graeci
652 1580 694 1631 ac
707 1558 875 1655 Barbari,
899 1560 1074 1653 sapientes
1089 1559 1127 1633 dr

61 1658 267 1751 insipientes
283 1659 491 1755 religionem
510 1654 712 1733 Christiana
734 1658 904 1733 dodtrinae
924 1658 1133 1753 suscipiant..

62 1756 208 1849 Exque
227 1757 372 1831 dubium
391 1778 469 1829 non
488 1754 539 1829 est
550 1757 622 1829 hoc
643 1757 802 1829 humanis
819 1760 958 1829 viribus
974 1759 1124 1850 antepi-

62 1860 133 1931 bus
153 1878 228 1928 non
249 1858 330 1951 agi,
365 1869 408 1927 ut
429 1876 509 1927 cum
530 1855 627 1927 omni
650 1856 916 1929 credulitate&
941 1854 1134 1949 potestate.

63 1954 180 2029 sermo
197 1954 323 2028 Christi
338 1952 421 2050 Jesii
437 1950 529 2045 apud
537 1955 697 2027 omnium
712 1969 849 2027 mentes
864 1970 970 2047 atque
985 1957 1132 2043 animoa,

62 2053 304 2129 convalescat.
365 2052 460 2126 Nam
482 2050 696 2145 &praedista
712 2050 780 2125 esse
801 2054 844 2126 ab
864 2076 912 2125 eo
932 2056 1008 2125 hac
1024 2050 1125 2145 ipsa,

62 2153 100 2226 da
119 2152 246 2225 divinis
264 2156 306 2227 ab
323 2174 371 2224 eo
392 2149 563 2244 responsis
582 2149 813 2244 confirmata,
838 2152 1060 2227 manifestum
1069 2151 1126 2225 est
1175 2224 1178 2228 .

58 2264 146 2325 'cum
161 2253 272 2343 dicit,
296 2253 380 2344 quia
400 2256 480 2349 apud
492 2252 629 2347 prassdes
645 2248 685 2327 ss
695 2252 815 2347 judicas
827 2254 983 2323 ducaimm
996 2268 1125 2348 propter

62 2378 112 2423 me
124 2356 162 2421 in
182 2352 390 2447 tessimonium
408 2352 475 2447 ipfia
496 2349 534 2427 (5
548 2352 704 2445 gentibus.
757 2348 808 2424 Et
823 2349 976 2425 rursum:
1004 2353 1131 2423 Prati-

60 2452 187 2523 caii'tur
199 2453 255 2520 siaa
275 2453 470 2545 evangelium
489 2455 527 2521 iii
540 2450 684 2521 amnibus
696 2452 853 2544 gentibus,
904 2448 955 2522 Et
972 2450 1127 2525 iterum:
1176 2498 1181 2515 ι

64 2552 265 2624 Musrimisii
275 2553 378 2621 dicent
396 2557 433 2621 in
446 2554 500 2627 isa
513 2552 582 2621 die:
612 2556 765 2637 Domina
794 2554 948 2639 Deiniire,
966 2575 1072 2621 mnne
1083 2558 1130 2621 im

60 2657 190 2722 nomine
206 2667 260 2721 tua
272 2654 530 2721 manducavimus
544 2650 584 2728 (ᾖ
596 2650 740 2737 bibimus,
754 2650 793 2727 &f
809 2656 850 2721 in
863 2666 917 2737 rua
925 2656 1051 2721 nimina
1062 2651 1129 2719 aa·-

62 2758 169 2823 mania
187 2747 355 2852 ejaciinua?
379 2750 421 2827 si.
432 2752 533 2821 dicam
546 2756 611 2819 eis:
640 2746 825 2837 Disceditea
841 2776 888 2819 me
900 2754 1038 2841 rip-rarii
1053 2752 1127 2816 ini·

61 2858 210 2949 quitatis,
223 2876 387 2942 tranquaut
403 2846 531 2943 enganni
542 2872 610 2925 aar.
660 2848 752 2946 Qtiae
768 2848 792 2921 fi
809 2848 859 2921 ita
871 2847 1014 2940 quidem
1032 2845 1135 2941 distas

62 2951 107 3023 ab
126 2972 174 3023 eo
194 2948 359 3044 fuissent,
382 2970 451 3023 nec
464 2962 583 3023 tamen
601 2948 647 3023 ad
661 2944 771 3023 finem
791 2968 838 3020 ea
855 2968 935 3041 quae
956 2942 1130 3117 psaedi&

318 3060 322 3073 ⁸
1000 3058 1069 3117 unt
1125 3108 1129 3117 .

283 3207 710 3284 Inrnnrnnrnrte
746 3226 896 3281 nova.

63 3371 140 3424 non
153 3370 280 3445 magna
291 3352 333 3431 sit
351 3348 539 3423 dodonam
555 3350 683 3441 copia,
702 3348 834 3439 ubique
847 3362 1128 3439 tanarumprae»

62 3450 192 3541 dicari,
207 3450 257 3521 ita
269 3467 310 3522 ιιι
322 3448 438 3523 Graeci
450 3449 485 3539 di
499 3446 665 3540 Barbari,
689 3442 863 3541 sapientes
877 3444 1129 3541 &insipientes

63 3550 109 3621 ad
123 3568 247 3621 verum
260 3571 324 3645 pei·
337 3547 454 3644 Jesum
468 3546 644 3623 Christum
657 3544 727 3631 Dei
746 3546 882 3618 cultum
896 3542 931 3617 se
947 3540 981 3617 se
996 3546 1125 3641 adjung

63 3649 204 3741 xerint‚
227 3668 303 3723 rem
320 3648 481 3722 humanis
495 3648 632 3721 viribus
648 3642 820 3737 majorem
835 3644 956 3717 dicere
969 3665 1046 3715 non
1057 3644 1120 3713 du·

63 3738 279 3837 bitnbimus,
315 3771 398 3822 cum
419 3746 610 3842 prasertim
630 3740 762 3821 summa
779 3764 862 3837 cum
880 3738 1060 3847 potestate
1085 3739 1126 3829 dn

116 3852 264 3947 Ori'geni't
293 3840 378 3949 Taua
398 3852 460 3949 me
713 3844 750 3927 U
984 3836 1088 3936 Rou-

718 3940 756 3962 riv
