2498 4254
248 36 926 201 unrnrrac1r1'1s·‚'tru.r.
1075 126 1125 203 aa
1225 54 1229 83 ³

122 284 160 359 ς.
187 267 390 354 ,Videamus
410 279 531 342 tamen
554 266 741 361 quomodo
763 264 841 341 haec
866 286 944 360 quae
971 266 1122 363 dicimus

10 352 17 425 ἶ
48 369 160 449 etiam
186 368 317 443 divinae
349 365 529 461 scripuuae
555 365 766 440 aucloritate
790 368 1004 442 minuantur.
1056 366 1139 445 Ait·

10 428 18 555 Β.
50 468 236 563 apostolus
251 466 380 541 Paulus
393 467 612 564 unigenitum
628 461 739 539 filium
751 466 938 563 imaginem
958 465 1028 541 effe
1042 467 1136 547 Dei

10 564 14 641 l
52 567 256 658 irrvisrbilis,
283 565 319 639 dc
335 566 611 662 primogenitum
626 586 707 639 eum
721 565 790 639 elle
805 567 917 639 totius
931 583 1121 648 creaturaea

10 646 15 787 i
54 665 283 742 adHebraeos
293 687 384 739 vero
395 663 550 738 scribens
560 664 646 738 dicit
657 665 755 739 deeo
764 667 845 758 quia
858 669 897 757 fir
902 660 1047 762 splendor
1058 673 1123 761 glo·

18 830 21 835 .
52 776 122 855 riae,
147 765 188 845 θ
197 770 306 858 figura
322 763 646 861 axprffasubssantiae
660 771 737 861 ejus.
764 765 970 839 Invenimus
989 769 1122 842 nihilo·

54 868 168 941 minus
187 868 295 939 etiam
308 863 346 937 in
367 864 536 958 sapientia
557 886 634 957 quae
651 864 779 937 dicitur
799 864 1025 960 Salomonis,
1060 868 1126 943 de·¹

55 965 284 1060 scriptionem
314 965 499 1058 quamdam
531 965 577 1037 de
602 965 676 1038 Dei
706 963 874 1058 sapientia
902 965 976 1039 hoc
1005 968 1122 1041 modo

55 1064 241 1163 scriptam:
279 1068 387 1162 Vapor
416 1065 457 1163 esi
489 1071 589 1152 euim,
613 1065 756 1159 inquit,
788 1068 926 1136 uirtutis
960 1071 1049 1155 Dei,
1079 1067 1122 1146 θ’

22 1240 25 1249 ,
55 1159 224 1263 &mappam
250 1164 355 1259 gloria
379 1169 602 1261 omnipotentis
616 1162 798 1261 purifflmr.
857 1164 948 1238 Ideo
972 1186 1061 1262 ergo
1082 1158 1125 1243 iil

56 1286 129 1339 eam
154 1263 245 1338 nihil
269 1266 566 1339 commaculatum
579 1263 737 1338 incidere
761 1262 892 1358 potest.
941 1264 1125 1358 Splendor

57 1362 211 1437 enimest
227 1365 317 1437 lucis
331 1375 493 1458 atemae,
519 1363 555 1436 dr
568 1363 748 1457 speculum
758 1365 1021 1438 immaculatum
1033 1380 1123 1459 opcis

55 1462 200 1551 rationis
227 1462 328 1562 Dei,
360 1463 396 1537 dc
418 1465 536 1560 imago
559 1464 733 1536 bonitatis
765 1467 851 1557 ejus.
904 1463 1123 1557 Sapientiam

55 1580 144 1635 vero
164 1561 342 1655 dicimus,
372 1561 463 1637 sicut
480 1563 639 1656 superius
665 1563 844 1656 diximus,
870 1561 1123 1641 subsistentiam

59 1660 248 1735 habentem
256 1682 335 1736 non
350 1662 453 1756 alibi,
479 1663 587 1736 misr-in
601 1683 647 1735 eo
661 1664 722 1754 qui
730 1661 780 1735 est
789 1664 929 1736 initium
942 1664 1122 1739 omniumr

58 1776 100 1833 ex
120 1781 195 1851 quo
215 1760 347 1835 &nata
367 1760 418 1835 est
433 1781 580 1853 queque
594 1760 780 1855 sapientia,
808 1761 889 1853 quia
904 1761 977 1855 ipse
997 1761 1122 1853 estqui

57 1856 105 1935 cst
122 1858 220 1933 solus
236 1873 364 1933 natura
377 1858 491 1955 filius,
516 1862 654 1934 idcirco
672 1862 920 1956 &unigenitus
943 1861 1084 1937 dicitur.

127 1962 165 2033 6.
187 1958 381 2033 Videamus
405 1957 487 2033 sane
510 1961 594 2051 quid
619 1961 769 2055 intelligi
795 1960 924 2032 debeat
943 1962 1049 2033 etiam
1073 1961 1122 2033 de

59 2054 130 2132 hoc
143 2057 241 2149 quod
256 2060 375 2157 imago
390 2061 574 2134 invisibilis
592 2059 747 2151 dicitur,
780 2071 823 2130 ut
842 2059 955 2152 &per
974 2060 1048 2133 hoc
1061 2061 1125 2133 ad‹

56 2167 235 2229 vertamus
256 2150 445 2250 quomodo
464 2158 565 2233 Deus
584 2158 680 2232 reue
699 2170 801 2253 pater
821 2156 951 2231 dicitur
965 2154 1030 2230 filii
1046 2156 1124 2235 suis
1210 2180 1215 2191 ”

57 2253 370 2331 &consideremus
395 2258 512 2351 primo
535 2280 581 2331 ex
600 2260 654 2331 his
675 2280 753 2350 quae
775 2256 1034 2331 consuetudine
1053 2260 1125 2334 ho:

56 2354 187 2429 urinum
199 2354 368 2453 imagines
381 2359 550 2454 appellari
562 2357 691 2433 solent.
742 2357 863 2453 Imago
877 2357 1055 2431 interdum
1069 2358 1123 2430 di·

56 2454 142 2527 citur
156 2476 200 2527 ea
215 2476 294 2547 quae
310 2457 348 2530 in
363 2458 510 2533 materia
523 2458 659 2550 aliqua,
686 2457 723 2528 id
740 2455 790 2529 est
803 2457 890 2553 ligni
902 2459 964 2530 vel
978 2457 1120 2553 lapidis,

56 2553 220 2650 depingi,
244 2556 309 2628 vel
326 2554 481 2649 exsculpi
494 2554 596 2632 solet.
646 2555 831 2629 Interdum
852 2557 969 2652 imago
989 2557 1126 2629 dicitur

56 2652 617 2847 rarissimum
635 2655 1119 2849 rirrrrraaalaaal

56 2854 283 2929 mentiuntur.
334 2852 429 2928 Puto
446 2874 534 2950 ergo
547 2778 647 2949 posia
658 2855 770 2948 priori
788 2854 930 2946 quidem
949 2856 1120 2948 exemplo

56 2952 164 3043 aptari
179 2973 263 3028 eum
277 2952 338 3046 qui
349 2953 393 3025 ad
402 2954 588 3050 imaginem
600 2955 633 3027 δι
644 2954 905 3028 similitudinem
919 2952 991 3026 Dei
1005 2953 1119 3029 fastus

55 3048 128 3145 est,
154 3051 364 3144 hominem,
390 3053 435 3125 de
455 3076 528 3145 quo
547 3054 747 3151 diligentius
766 3053 914 3127 favente
931 3052 1017 3126 Deo
1035 3075 1120 3129 cum

53 3149 173 3224 locum
200 3151 315 3245 ipsum
336 3152 374 3224 in
395 3151 523 3228 Genesi
543 3175 727 3247 exponere
746 3155 984 3246 coeperimus,
1018 3154 1122 3249 vide·

53 3250 176 3325 bimus.
227 3250 401 3323 Secundae
418 3274 510 3325 vero
532 3255 793 3345 comparationi
808 3256 924 3347 imago
942 3247 1006 3325 filii
1021 3252 1095 3327 Dei
1102 3276 1125 3347 ‚·

55 3349 96 3423 de
114 3371 190 3442 quo
211 3372 311 3423 nunc
332 3349 447 3424 sermo
470 3352 542 3443 est,
578 3353 775 3444 comparari
799 3351 918 3445 potest
939 3353 1045 3425 etiam
1068 3354 1119 3427 se·

56 3450 207 3523 cundum
226 3452 301 3524 hoc
319 3450 417 3540 quod
435 3451 614 3525 invisibilis
626 3451 697 3523 Dei
713 3453 829 3547 imago
843 3451 1023 3525 invisibilis
1043 3454 1117 3547 est,

52 3547 137 3621 srcut
161 3548 356 3623 secundum
371 3547 551 3624 historiam
574 3552 721 3623 dicimus
736 3551 922 3646 imaginem
932 3551 1023 3626 Adae
1046 3553 1119 3626 esse

52 3643 159 3721 filium
179 3650 257 3741 ejus
280 3650 380 3722 Seth.
441 3648 496 3723 Ita
523 3651 628 3724 etiam
648 3650 815 3744 scriptum
842 3650 915 3725 est:
943 3652 991 3723 Et
1004 3659 1120 3745 genuit

51 3752 149 3823 Aram
173 3752 278 3843 seth,
299 3751 469 3840 secundum
494 3755 657 3848 imaginem
681 3753 786 3843 suam,
811 3749 850 3829 (5
863 3754 1030 3844 secundum
1048 3749 1119 3849 spe·
1213 3754 1217 3771 ’

984 3874 1072 3923 sitm
