2498 4254
310 46 900 192 prornrionr
1068 137 1144 227 sp

74 277 248 370 incaelo,
274 277 449 372 accepisse
464 277 500 351 se
517 291 691 373 praeterea
707 279 756 351 ait
777 268 997 371 potestatem
1014 297 1143 356 eorum

77 398 155 468 quae
172 374 252 450 sunt
270 380 432 453 interra:
458 399 539 453 cum
550 400 592 453 ea
603 377 940 471 quaesuntincaelis,
953 378 1026 469 jam
1035 390 1145 453 antea

75 477 179 551 finta
196 479 312 551 verbo
327 480 545 565 illuminata;
569 479 608 551 in
620 474 931 551 consummatione
945 488 1066 551 autem
1084 475 1143 551 se-

76 578 149 649 culi
165 571 272 651 eliam
283 598 360 668 quae
373 580 411 651 in
425 591 519 650 terra
535 577 616 651 sunt
626 598 690 670 per
703 576 822 651 datam
832 573 910 649 tilio
923 573 1145 669 potestatem

73 678 262 749 imitentur
279 698 356 768 quae
368 679 405 749 in
417 679 508 751 caelo
523 673 680 769 perseila
691 674 794 767 sunt,
816 674 1018 767 &quorum
1035 688 1152 768 potet

74 773 200 849 statem
213 775 543 871 accepitSalvator.
570 776 664 848 Vult
673 796 838 873 ergoper
847 775 1054 849 orationem
1071 794 1142 849 ceu

73 876 305 967 coadjutores
317 875 379 949 fibi
391 872 942 968 sumereadPatremdiscipulos‚
953 886 1088 949 utcum
1098 895 1143 948 ea

75 994 154 1063 quae
169 977 207 1047 in
226 987 319 1048 terra
330 974 423 1066 sunt,
443 975 487 1049 ad
500 974 765 1049 similitudinem
780 971 912 1049 directa
923 973 1060 1047 suerint
1077 995 1143 1047 eo-

73 1093 237 1165 rumquae
247 1078 283 1147 in
293 1072 549 1169 caelissubjesta
559 1072 973 1166 suntveritati&verbo,
983 1071 1142 1165 potesta-

74 1184 114 1245 te
132 1194 235 1264 quam
256 1176 399 1269 accepit
415 1176 505 1249 sicut
518 1178 556 1247 in
569 1176 660 1249 caelo
676 1174 757 1248 &in
766 1188 874 1265 terra,
884 1175 945 1246 illa
955 1172 998 1247 ad
1014 1170 1144 1245 felicis·

55 1270 196 1367 simum
220 1270 331 1347 finem
358 1275 532 1367 perducat
560 1295 689 1349 eorum
709 1276 769 1365 qui
791 1275 828 1346 in
850 1274 926 1364 ejus
956 1268 1141 1367 potestate

70 1368 164 1447 sunt.
215 1371 268 1444 At
296 1374 356 1465 qui
383 1372 605 1449 servatorem
628 1372 741 1468 ipsum
773 1375 900 1446 caelum
932 1370 1003 1445 eise
1029 1373 1138 1463 vult,

71 1480 203 1546 terram
229 1487 348 1547 autem
376 1474 568 1561 eccesiam,
599 1474 879 1569 primogenitum
900 1471 1021 1545 omnir
1040 1490 1142 1545 crea·

54 1580 160 1643 turae
179 1573 217 1645 in
236 1593 311 1664 quo
331 1574 446 1647 veluti
467 1572 559 1657 solio
579 1570 772 1665 requiescit
792 1583 922 1665 pater,
947 1569 1073 1643 dicens
1087 1566 1139 1642 es·

17 1712 20 1716 -
68 1666 105 1741 se
124 1673 271 1763 celum,
297 1669 424 1747 asseret
445 1674 631 1747 hominem
652 1692 759 1762 quem
781 1670 947 1743 induerat
968 1679 1138 1743 ornatum

70 1769 146 1858 ejus
163 1774 353 1862 potentia,
376 1793 423 1846 eo
449 1771 548 1863 quod
568 1772 763 1845 humiliarit
781 1767 1008 1861 semetipsum
1032 1765 1139 1839 sesa·
1228 1829 1232 1835 .

51 1865 146 1940 tius
166 1868 208 1942 sat
227 1872 404 1943 obediens
422 1869 533 1961 usque
550 1870 594 1943 ad
610 1882 790 1962 mortem,
816 1866 900 1961 post
911 1860 1138 1941 resurrectio·

69 1986 154 2041 nem
171 1967 311 2043 dicere:
338 1973 431 2043 Data
450 1970 491 2068 esi
508 1970 591 2040 mihi
608 1973 710 2041 omnir
721 1968 850 2065 potestus
859 1967 944 2065 ficut
960 1972 997 2037 in
1014 1966 1083 2035 caesu
1096 1963 1137 2041 U

67 2072 107 2138 in
130 2087 239 2139 terra:
280 2086 363 2143 cum
389 2073 574 2165 acceperit
597 2070 658 2159 qui
678 2068 717 2141 in
734 2068 925 2141 salvatore
947 2062 999 2139 est
1019 2065 1136 2143 homo

67 2166 286 2262 potestatem
314 2167 506 2243 cael'estium
528 2190 607 2261 quae
631 2168 837 2265 unigenitus
862 2167 996 2256 habet,
1033 2175 1076 2235 ut
1100 2164 1136 2238 ei

68 2270 340 2361 communicet,
367 2270 443 2361 ejus
464 2269 633 2349 divintati
650 2269 849 2347 admixtus,
876 2267 983 2357 eique
999 2264 1136 2339 unitus.

66 2366 182 2441 Porro
209 2370 248 2441 in
268 2368 424 2441 secunda
447 2370 625 2463 opinione
650 2388 732 2440 cum
761 2366 925 2441 nondum
949 2361 1065 2437 soluta
1091 2360 1136 2437 sit

65 2466 236 2558 quaestio,
263 2467 453 2559 quomodo
481 2471 653 2543 voluntas
671 2466 745 2539 Dei
765 2462 809 2539 fit
833 2467 873 2539 in
894 2464 1015 2556 celo,
1048 2481 1134 2535 cum

63 2565 256 2658 spiritualia
275 2569 446 2657 nequitiae
469 2566 649 2659 quaesunt
670 2566 708 2638 in
735 2563 959 2655 caelestibus,
998 2562 1041 2635 iis
1071 2560 1135 2651 qui

62 2664 143 2737 sunt
159 2669 197 2739 in
210 2678 306 2739 terra
322 2664 588 2740 colluctentur:
613 2667 700 2738 hinc
718 2663 779 2737 illa
795 2664 843 2737 src
860 2662 1002 2757 poterit
1023 2659 1136 2733 resol-

64 2764 122 2835 vi:
148 2762 238 2836 ficut
253 2786 331 2838 non
358 2778 509 2858 propter
531 2768 677 2850 locum,
704 2761 764 2835 sed
784 2774 936 2856 propter
962 2756 1133 2833 affeiium

60 2864 91 2935 is
107 2864 167 2953 qui
188 2863 305 2935 adhuc
322 2861 374 2937 est
395 2865 571 2955 interra,
597 2862 658 2936 sed
676 2860 995 2935 conversationem
1019 2857 1135 2937 habet¹

57 2963 97 3034 in
116 2964 208 3035 caelis
234 2961 267 3034 st
291 2960 507 3036 thesaurizat
529 2964 567 3035 in
590 2963 681 3033 eaelo
707 2980 773 3032 cor
798 2961 936 3033 habens
958 2959 996 3030 in
1019 2956 1131 3044 colo,

57 3063 320 3157 imaginemque
342 3059 659 3156 portatscaelestim
689 3078 768 3133 non
790 3060 942 3155 amplius
968 3056 1014 3129 de
1036 3067 1132 3127 terra

61 3159 114 3235 est
137 3182 257 3253 neque
281 3161 326 3233 de
348 3161 487 3235 mundo
506 3159 700 3252 inferiori,
735 3156 795 3232 sed
817 3157 862 3231 de
885 3157 974 3229 caeio
998 3154 1032 3229 δι
1056 3175 1132 3230 ωε·

60 3263 153 3333 liore
176 3281 281 3352 qna-m
303 3257 369 3333 iste
396 3258 468 3352 est,
494 3258 625 3334 caelesti
646 3257 800 3332 mundo:
831 3256 879 3328 s1c
903 3256 964 3328 illa
990 3273 1069 3344 quae
1090 3254 1131 3326 in

62 3362 158 3433 caelis
182 3359 300 3433 adhuc
328 3356 513 3433 versantur
533 3358 726 3452 spiritualia
753 3354 951 3446 nequitiae,
986 3372 1068 3426 cum
1090 3353 1130 3425 in

62 3470 157 3539 terra
177 3456 494 3533 conversationem
511 3459 686 3550 habeant,
714 3452 945 3529 colluctando
960 3451 1130 3526 insidien-

55 3552 122 3629 tur
146 3559 376 3651 hominibus‚
413 3556 656 3631 thesaurizent
683 3558 722 3629 in
751 3568 866 3646 terra,
903 3563 1128 3646 portentque

61 3659 252 3753 imaginem
266 3658 400 3731 terreni
417 3657 478 3751 qui
491 3656 531 3753 est
543 3653 739 3755 principium
751 3653 963 3749 formationis
979 3654 1126 3736 Domini,

55 3754 177 3848 falia,
203 3772 242 3828 ut
265 3752 421 3832 illudatur
445 3757 484 3831 ab
505 3756 644 3853 angelis,
669 3774 748 3828 non
769 3751 850 3828 sunt
866 3749 1037 3839 caelestia,
1063 3769 1129 3821 ne·

590 3853 661 3929 Kk
684 3874 711 3945 4
1007 3867 1078 3941 quc
