2498 4254
122 208 128 219 ·
259 170 337 252 nn
384 156 728 278 rntncrrns,
777 170 966 255 univ,
1069 179 1141 273 ³63

86 335 232 412 bebitur
247 335 321 431 ipse
336 335 399 412 fibi
414 336 573 413 inferens
593 335 750 416 manue?
783 332 855 411 sed
871 334 1021 411 forteilit
1036 351 1142 413 extre

84 435 407 510 haecvidebuntur
424 435 495 513 eise
515 439 627 511 literae
646 436 743 510 Pauli
762 435 926 530 apostoli.
989 434 1039 510 Et
1055 438 1162 534 quii

85 520 140 608 est
156 534 255 625 quod
273 534 384 611 dicit?
413 539 620 625 Circumcisus
637 538 756 634 aliquis
768 553 900 608 vocatus
911 537 979 635 est?
1002 533 1070 607 non*
1084 538 1143 608 ai·

84 635 179 707 ducar
194 643 392 732 preputium.
443 637 555 734 Quod
568 638 687 730 primo
700 636 842 729 quidem
862 635 887 710 sr
904 639 982 728 quis
994 636 1143 734 diligen·
1154 674 1164 681 ··

84 735 157 807 tius
171 734 391 820 consideret,
416 757 494 827 non
510 736 655 810 videtur
668 736 711 812 ad
725 733 907 810 eaditiurn
922 757 1000 828 quae
1015 737 1142 831 eipro·

84 833 203 928 postte
217 835 255 906 in
275 836 437 908 manibus
451 836 691 909 habebanturt
716 834 831 913 sermo
845 855 999 927 namque
1013 836 1045 909 ei
1063 844 1143 909 erat

85 931 133 1006 de
152 934 287 1026 nuptiis
304 932 338 1007 bc
356 933 516 1010 castitate
533 935 763 1029 precipiens,
788 932 1055 1027 &videbuntur
1070 934 1142 1007 uti-
1208 944 1211 950 '

84 1053 159 1124 que
177 1034 254 1105 hec
266 1033 303 1105 in
319 1034 380 1106 tali
396 1031 497 1108 ceusa
514 1033 696 1127 superfluo
710 1047 919 1109 memorata.
969 1033 1142 1107 Secundo
1193 1080 1195 1089 ·

85 1130 278 1224 veroquid
297 1131 452 1219 obesset,
479 1131 933 1209 fiobscoenitrtisssvitandae
947 1131 1048 1209 causa
1066 1134 1143 1225 ejur

86 1250 169 1322 quae
193 1251 238 1304 ex
260 1232 530 1307 circumcislone
555 1231 633 1319 est,
670 1228 789 1327 posset
809 1233 934 1324 aliquis
964 1252 1142 1308 revocare

85 1329 325 1425 preputium?
350 1329 502 1419 Tertio,
527 1333 626 1422 quod
638 1345 737 1406 certe
752 1328 828 1405 lieri
840 1332 876 1406 id
892 1333 992 1405 omni
1009 1351 1143 1426 genere

86 1427 298 1520 impoibbile
313 1428 374 1505 est.
424 1431 514 1507 Haec
529 1445 649 1506 autem
660 1430 781 1505 omnia
794 1452 814 1503 a
828 1432 935 1504 nobis
948 1428 1038 1505 diiia
1048 1428 1143 1524 sunt,

86 1542 132 1600 ut
146 1525 371 1602 ostendamus
392 1531 473 1619 quie
486 1531 544 1605 hic
560 1528 765 1625 prospeilus
783 1527 834 1605 est
849 1527 999 1622 Spiritus
1015 1528 1143 1622 senui,

88 1629 150 1719 qui
167 1628 273 1699 nobis
292 1626 478 1722 scripturas
495 1628 635 1703 divinas
648 1630 785 1703 donare
798 1629 961 1724 dignatus
978 1627 1048 1717 est,
1064 1648 1144 1701 nou

84 1738 132 1801 ut
143 1746 188 1799 ex
207 1723 281 1799 sola
299 1728 420 1816 litera,
447 1730 558 1803 velin
576 1731 744 1802 omnibus
759 1748 804 1800 ex
823 1748 865 1800 ea
882 1724 1046 1799 aedificeri
1063 1724 1145 1821 pos·

87 1825 195 1901 tinus
213 1845 317 1915 quarn
335 1824 543 1918 frequenter
551 1826 805 1925 'impoffibileru
825 1846 895 1898 nec
909 1824 1146 1903 sufficientem

88 1923 155 1999 iibi
178 1920 291 1996 adelie
311 1924 634 2017 deprehendimus:
663 1926 699 2000 id
723 1922 798 2015 est,
824 1944 889 2018 per
910 1931 1014 2016 qnam
1032 1928 1148 1999 inter·

90 2022 177 2095 dum
192 2041 267 2099 non
284 2021 398 2096 solun
417 2024 699 2116 irrationabilia,
723 2025 975 2098 verumetiam
992 2022 1145 2116 impolli-

89 2121 176 2197 bilia
198 2120 447 2216 deignantur:
473 2122 532 2199 sed
557 2136 598 2197 ut
618 2124 857 2219 intelligamus
876 2135 1051 2196 contexta
1073 2120 1145 2201 elie

84 2217 251 2312 quedam
271 2221 355 2294 huic
377 2220 504 2296 visibili
519 2221 693 2312 historiae,
720 2242 798 2313 que
819 2222 969 2295 interius
986 2221 1146 2297 conside·
1192 2242 1195 2247 ’

87 2332 168 2393 rata
190 2317 224 2390 bt
247 2319 428 2395 intelleita
454 2323 580 2399 utilem
604 2321 811 2397 hominibus
836 2319 980 2395 &Deo
1004 2319 1147 2419 dignam

87 2415 283 2514 proferunt
302 2420 429 2514 legem.
635 2492 639 2500 ,

169 2537 222 2612 19.
251 2514 312 2590 Ne
339 2519 416 2610 quis
441 2538 561 2600 autern
586 2518 778 2614 suspicetur
802 2536 872 2590 nos
905 2517 980 2593 hoc
1005 2520 1147 2615 dicere,

90 2615 175 2710 quie
188 2617 322 2691 nullam
334 2616 518 2700 historiam
528 2624 708 2717 scripture
723 2612 850 2694 ranam
862 2613 932 2692 effe
943 2617 1149 2721 sentiamus,

1010 2739 1100 2813 quo·

171 2958 176 2969 .
312 2874 737 2954 Iurenennrnrm
771 2894 919 2955 novt.
1073 2912 1077 2921 ¹

86 3012 228 3095 fuerit?
264 3014 353 3094 Haec
377 3018 497 3091 omnia
519 3038 539 3091 e
559 3018 664 3093 nobis
689 3015 781 3093 diitu
802 3016 885 3094 sunt
909 3029 952 3092 ut
982 3013 1145 3093 ostende·
1172 3018 1176 3023 '

86 3135 167 3209 nnus
185 3136 261 3188 non
281 3137 323 3191 ee
340 3112 412 3188 sola
426 3138 502 3206 quer
518 3117 624 3192 litera
639 3118 785 3213 exhibet
801 3117 1024 3213 proposrtum
1043 3116 1146 3195 fuiss'c

88 3215 125 3291 ei
136 3235 214 3305 quae
236 3212 346 3288 sacras
364 3216 469 3289 nobis
492 3215 612 3291 literae
638 3214 763 3309 dedit,
789 3217 920 3291 divinae
939 3216 1068 3291 virtuti
1085 3239 1146 3293 exv

86 3314 240 3410 plicaret
266 3317 396 3410 quippe
408 3335 486 3405 quae
499 3315 678 3390 interdurn
692 3316 882 3393 secundum
895 3316 1032 3391 literam
1045 3316 1147 3393 mini·

88 3436 148 3489 rue
164 3434 251 3486 vera
269 3414 362 3506 fint,
395 3414 453 3488 sed
471 3414 505 3495 ic
521 3413 665 3491 absurda
684 3417 718 3489 u
737 3414 971 3509 impossibilia:
998 3428 1075 3491 turn
1094 3430 1147 3493 et·

88 3526 192 3585 texta
211 3511 280 3588 elie
295 3514 470 3591 nonnulla
493 3514 800 3609 rerumgestarum
817 3512 1021 3589 historie&
1038 3516 1082 3591 iis
1096 3517 1147 3595 le·

89 3611 193 3709 gibus
210 3634 285 3705 quae
303 3609 494 3688 secundum
507 3613 645 3689 literam
661 3616 761 3687 utilia
780 3614 1000 3707 precipiunt.

171 3733 226 3809 19.
252 3711 312 3784 Ne
337 3713 413 3802 quis
435 3733 528 3789 vero
555 3734 623 3788 nos
650 3712 844 3807 suspicetur
864 3714 901 3788 in
926 3713 1090 3793 omnibus
1110 3712 1174 3797 irl‘

90 3809 238 3906 dicere,
262 3811 396 3889 nullam
412 3810 594 3895 bubonam
617 3810 827 3917 contigilie,
853 3813 1022 3916 quoniam
1035 3815 1149 3906 alique

1037 3930 1131 3985 nux
