2498 4254
119 245 124 255 ¹
182 142 310 227 oie
358 104 694 241 ruriaciam,
741 82 932 233 tini(
1053 154 1106 251 33·

52 308 97 389 iil
108 309 223 387 simile
239 310 507 407 intelligendum
523 306 576 385 est
600 307 701 403 quod
720 308 771 383 ait
790 310 874 405 quiri
882 320 979 413 paler
995 312 1105 393 ἕω

52 416 95 515 β,
121 414 162 489 U
176 439 226 505 ego
246 418 284 481 in
299 432 401 505 patre.

109 533 146 607 9.
173 510 369 585 Videamus
396 508 626 597 nuncetiam
654 505 743 581 illud
769 510 921 601 qualiter
946 510 1099 591 sentien-

52 610 121 685 lun
142 608 221 704 est,
250 610 347 703 quod
365 611 403 685 in·
420 608 587 703 sapientia
603 606 806 682 Salomonis
824 608 993 707 scriptum
1013 602 1100 713 legi·

52 731 134 805 iiiia,
162 712 223 801 qui
236 710 288 784 ita
300 712 349 785 ait
363 711 407 783 de
425 707 593 805 sapientia
613 708 695 801 quia
706 729 807 804 vapor
822 714 862 808 ιβ
877 714 1010 811 quidam
1028 720 1101 787 vir·

52 817 122 881 uiis
141 815 223 898 Dii,
249 820 288 888 U
301 812 463 907 aporrhaea
484 813 710 903 omnipotentis
723 811 829 902 gloria
847 808 1031 906 pirriffima,
1056 810 1099 895 ὅ

52 909 177 1007 'pundo
194 912 277 983 lucis
299 926 441 995 armna,
467 906 507 985 di
520 912 676 1006 speculum
698 912 935 983 immaculatum
955 916 1100 1009 inopera-

52 1014 137 1083 imi's
147 1011 219 1106 five
242 1014 382 1083 virtutis
402 1012 485 1091 Dei,
520 1010 561 1085 tii
581 1014 677 1099 imago
699 1008 852 1081 bonitatis
874 1016 950 1106 ciui.
1003 1016 1098 1115 Quae

52 1130 124 1205 ugo
144 1110 204 1183 hic
224 1109 268 1183 dc
283 1108 367 1183 Deo
388 1104 535 1200 definit,
561 1128 606 1181 eii
622 1106 761 1204 singulis
782 1111 981 1204 quibusque
998 1126 1100 1189 certa

52 1208 195 1303 piaedam
210 1208 317 1282 inesse
336 1206 513 1301 sapientiae
530 1206 600 1280 Dei
614 1207 787 1303 designat:
813 1209 987 1286 virtutem
1001 1232 1099 1286 nam·

52 1330 104 1403 que
118 1308 193 1383 Dei
215 1309 397 1400 nominat,
423 1306 627 1402 &gloriam
643 1306 679 1379 di
701 1310 816 1381 iucem
839 1323 1034 1405 atomum,
1062 1310 1099 1387 dt

52 1408 324 1503 uoperationem
343 1408 377 1482 di
394 1408 606 1489 bonitatem.
670 1405 733 1478 Ait
753 1422 870 1482 autem
891 1408 1098 1503 sapientiam

52 1528 210 1603 teporem
223 1506 295 1583 elle
311 1529 387 1579 nori
406 1508 530 1602 gloriae
552 1506 834 1601 omnipotentis,
859 1529 978 1600 neque
995 1524 1098 1585 aeter·

52 1628 88 1680 ie
100 1608 212 1701 lucis,
230 1628 299 1679 nec
308 1606 567 1699 inoperationis
581 1606 713 1699 patris,
730 1607 983 1681 necbonitatis
1000 1613 1096 1703 ejus:

52 1727 153 1801 ieque
180 1710 274 1780 enim
300 1708 524 1779 conveniens
551 1720 627 1778 erat
653 1706 758 1777 alicui
792 1707 923 1781 horum
948 1708 1097 1784 adscribi

52 1826 233 1901 leporem:
261 1804 319 1878 sed
334 1826 415 1881 cum
431 1805 529 1879 omni
548 1804 773 1899 proprietate
794 1809 843 1879 ait
858 1808 1004 1881 virtutis
1023 1807 1098 1883 Dei

52 1926 212 1999 iaporem
229 1904 300 1979 elle
322 1903 536 1997 sapientiam.
595 1904 829 1997 intelligenda
846 1905 897 1978 est
916 1925 1004 2002 ergo
1024 1907 1098 1979 vir·

52 2023 98 2077 ais
113 2002 226 2102 Dei,
258 2005 439 2101 naviget,
466 2024 534 2096 qua
554 2002 675 2075 omnia
691 2002 840 2076 visibilia
858 2004 892 2077 &
907 2004 1098 2081 invifibilia

52 2103 99 2177 rel
124 2102 203 2177 insti
235 2105 295 2197 ᾗ,
327 2105 391 2177 vel
418 2103 606 2195 continet,
632 2102 694 2174 vel
719 2104 915 2198 gubernat,
942 2125 1020 2196 quae
1051 2102 1098 2182 ad

52 2204 157 2279 iiiiiiia
188 2201 361 2278 sufficiens
393 2200 464 2295 est,
499 2222 652 2293 quorum
679 2201 947 2295 providentiam
980 2206 1097 2301 gerit,

52 2304 162 2396 piibus
186 2302 396 2395 volutum,
431 2304 482 2374 ita
501 2300 666 2375 omnibus
692 2300 798 2376 adest.
862 2302 978 2396 Hujiis
1007 2323 1097 2403 ergo

52 2406 149 2477 titius
174 2402 321 2475 virtutis
345 2416 454 2475 taritae
470 2400 587 2473 &tam
608 2399 784 2473 immensa
805 2422 943 2495 vapor,
970 2403 1027 2497 da,
1053 2416 1097 2479 ut

52 2502 235 2593 tadicum,
262 2503 368 2598 vigor
387 2498 513 2595 ipsein
533 2502 678 2593 propria
693 2498 908 2575 subsistentia
922 2500 1094 2599 essedum

52 2604 198 2693 painvis
217 2622 263 2674 eii
277 2600 350 2695 ipsa
360 2604 499 2673 virtute
513 2600 618 2672 velut
634 2600 805 2671 voluntas
820 2622 865 2672 ex
876 2616 998 2675 merite
1010 2622 1097 2695 pro·

52 2702 160 2795 edat,
187 2720 307 2774 tamen
327 2700 361 2774 di
379 2698 451 2793 ipsa
475 2699 647 2771 voluntas
675 2697 744 2770 Dei
769 2698 999 2773 nihilominus
1024 2700 1098 2779 Det

52 2802 149 2874 murs
175 2798 339 2874 efficitur.
397 2796 561 2872 Efficitur
583 2797 692 2893 igitur
715 2799 831 2871 virtus
848 2800 959 2873 altera
973 2801 1011 2877 iii
1036 2800 1097 2877 sut

52 2896 473 2995 ropriemtesubsistens‚
498 2908 541 2969 ut
555 2899 605 2971 ait
620 2894 948 2991 sermoscriptuiae‚
975 2918 1097 2995 vapor

52 3000 176 3093 illidam
194 3002 314 3094 primae
337 2996 555 3095 &ingenita
572 2997 715 3069 virtutis
730 2994 827 3088 Dei,
853 2998 929 3073 hoc
951 2997 1097 3089 quidem

52 3100 132 3195 pud
148 3098 225 3191 est,
250 3098 334 3170 inde
346 3098 518 3171 trahens:
547 3095 693 3170 nonest
715 3107 833 3169 autem
854 3096 1097 3188 quando-non

52 3202 153 3277 derit.
205 3196 242 3272 Si
262 3198 356 3271 enirn
373 3197 452 3290 quis
468 3196 630 3269 voluerit
649 3196 768 3269 dicere
791 3196 884 3287 quasi
902 3197 999 3289 prius
1017 3218 1096 3275 non

52 3300 223 3389 utiterit,
250 3296 309 3371 sed
323 3295 449 3393 postea
467 3296 510 3370 ad
533 3291 780 3370 subsistentiam
797 3296 967 3390 venerit,
1000 3298 1097 3374 dicat

52 3398 172 3475 ausam
186 3416 298 3490 quare
313 3396 374 3490 qui
387 3418 462 3469 eam
479 3394 658 3469 subfisterc
674 3392 761 3467 iecit
772 3408 895 3489 pater,
921 3410 1005 3471 ante
1020 3398 1096 3473 hoc
1184 3464 1188 3474 ,

52 3522 110 3575 iiii
123 3498 267 3573 fecerit.
325 3494 476 3595 Quodsi
493 3494 637 3587 aliquod
655 3492 761 3568 semel
779 3494 918 3569 initium
932 3495 1094 3594 dederit,
1190 3557 1198 3575 ,

52 3620 106 3697 pio
128 3598 237 3672 initio
253 3615 371 3692 vapor
389 3592 453 3669 iste
469 3618 514 3669 ex
534 3594 606 3668 Dei
621 3596 758 3669 virtute
775 3592 1003 3689 processerit,
1028 3597 1097 3672 ite·

52 3722 111 3773 uin
121 3696 422 3791 interrogabimus
438 3716 545 3786 quare
558 3716 634 3766 non
651 3694 686 3765 dc
703 3706 786 3765 ante
798 3694 992 3787 illudquud
1006 3694 1096 3770 dixit

52 3801 192 3877 amini
218 3796 255 3871 di
271 3796 323 3871 ita
334 3790 469 3893 seinper
486 3792 787 3969 degnterioiibus
800 3793 1045 3977 inquietatae),
1058 3792 1096 3871 dt

268 3946 272 3951 -
585 3916 608 3973 2
928 3914 1000 3983 W
1027 3912 1059 3975 0
