2498 4254
225 129 326 207 Au
377 120 909 207 Mun-Trnione
1030 133 1099 205 621

33 294 232 370 hibuerunt
252 293 482 387 in'martyriof
495 293 667 367 virtutem
683 291 726 365 iis
742 292 802 384 qui
817 311 865 366 ee
880 291 996 369 modo
1016 311 1103 386 pro·

33 395 111 489 bati
140 414 218 467 non
243 393 346 466 sunt:
372 393 420 466 lic
442 393 504 484 qui
527 403 660 485 prater
685 393 852 483 corperis
879 412 1040 467 amorem
1064 391 1100 465 u

33 496 147 586 vite,
171 495 233 566 illa
249 495 356 567 etiam
376 504 477 565 tanta
493 492 662 577 vincula,
688 489 942 565 inciderunt&
957 491 1101 587 dirupe-

32 607 121 665 runt
143 613 268 690 magna
290 593 329 664 in
357 590 479 671 Deum
510 589 560 663 ufi
590 592 765 683 caritate,
796 588 1100 683 susceperuntque

32 712 125 781 vere
146 694 272 765 vivum
290 690 363 765 Dei
383 689 584 765 sermonem
610 689 646 762 dt
669 684 852 765 efficacem
872 688 907 763 dr
932 702 1103 783 penetra·

21 791 202 865 'bilioretn
223 792 324 865 omni
344 789 464 886 gladio
480 789 664 881 ancipitis
677 801 878 882 potuerunt
891 789 923 861 ii.
940 802 1001 864 tot
1014 809 1099 883 rup.

33 892 82 963 tis
104 892 281 980 vinculis,
305 890 509 983 paratisque
533 887 596 961 fibi
618 891 769 983 pennis,
795 886 886 961 srcut
904 889 1026 981 ¹aquila
1042 910 1108 967 re·,
1188 921 1193 935 ¹

32 991 127 1060 verti
147 990 191 1062 ad
208 990 356 1063 domum
373 988 547 1084 principis
566 986 628 1062 sui.
656 1072 661 1097 Ι
680 986 736 1061 Ut
751 988 859 1083 igitur
883 1007 1023 1079 aequum
1043 984 1098 1063 est
1141 998 1142 1007 ‘

35 1107 102 1161 eos
131 1091 191 1179 qui
217 1090 410 1163 tormentis
444 1087 478 1160 dt
506 1087 693 1177 laboribus
717 1088 862 1181 probati
891 1107 969 1160 non
994 1086 1098 1180 sunt,

32 1189 165 1280 primas
184 1189 228 1260 iis
249 1188 379 1261 cedere
394 1187 454 1280 qui
469 1188 508 1259 ln
521 1190 692 1278 'equuleis
712 1187 872 1261 &variis
894 1199 1101 1265 tormento·

31 1307 111 1361 rum
128 1289 319 1382 generibus
337 1286 370 1360 u
387 1288 470 1383 igne
487 1288 698 1379 patientiam
716 1284 976 1361 exhibuerunt:
999 1284 1048 1360 fic
1060 1283 1100 1364 ἃ

33 1405 105 1457 nos
116 1406 303 1480 pauperes,
323 1385 387 1459 etsi
397 1399 570 1478 martyres
581 1388 713 1461 erimus
728 1386 822 1459 ratio
833 1382 957 1461 suadet
964 1387 1099 1480 primus

32 1483 142 1557 vobis
158 1489 362 1586 relinquere
383 1487 444 1580 qui
465 1499 617 1580 propter
636 1486 708 1561 Dei
726 1489 764 1559 in
783 1482 926 1559 Christo
943 1484 1097 1559 charita·

34 1594 135 1674 tem,
168 1583 392 1659 fallacem&
420 1584 601 1675 quaesitans
634 1606 653 1658 a
681 1587 861 1681 plerisque
887 1582 1097 1681 glorians&

31 1679 263 1787 possesiones
285 1696 403 1759 tantas
425 1683 460 1757 u
483 1685 684 1761 naturalem
712 1688 751 1761 in
774 1687 911 1761 liberos
935 1680 1098 1759 amorem

30 1783 269 1857 conculcatis.

111 1883 165 1955 16.
192 1881 304 1954 Simul
332 1896 452 1956 autem
484 1881 665 1979 scripture
697 1886 910 1982 gravitatem
943 1881 1097 1958 observa

33 1995 112 2066 quae
134 1980 387 2073 multoplures
404 2002 446 2055 ac
463 1986 658 2079 centuplus
681 1985 863 2080 promittit
881 1983 1031 2078 fratres,
1057 1986 1099 2058 li·
1183 2016 1187 2022 ·

31 2076 167 2180 beros,
192 2093 381 2173 parentes,
407 2101 511 2176 agros
527 2103 675 2176 quoque
693 2082 894 2167 &domosr
918 2083 957 2154 in
972 2083 1027 2157 his
1045 2095 1097 2165 ta·

30 2198 119 2254 men
141 2197 236 2250 uxor
259 2199 338 2253 non
364 2194 582 2257 numeratur.
632 2182 718 2257 Nec
740 2185 837 2257 enim
864 2177 995 2263 didurn
1021 2180 1096 2256 est:

29 2281 249 2368 quicumque
264 2281 450 2371 reliquerit
463 2278 589 2357 fratres
609 2296 672 2357 aut
690 2281 834 2355 sorores
849 2293 912 2355 aut
927 2296 1098 2375 parentes

34 2387 98 2448 aut
125 2396 228 2472 agros
255 2391 316 2451 aut
350 2381 481 2453 domos
509 2393 571 2454 aut
593 2401 747 2459 uxorem
777 2392 931 2475 propter
957 2399 1098 2456 nomen

30 2495 166 2568 meunt,
190 2478 377 2553 multoties
391 2480 492 2573 plura
507 2485 675 2575 accipiet:
708 2485 748 2555 In
762 2478 1098 2570 resurreiiimeenim

30 2591 226 2647 mortuorum
245 2603 345 2675 neque
365 2572 489 2649 nubent
509 2606 609 2679 neque
625 2581 810 2681 numm,
828 2580 886 2670 sed
904 2596 1004 2653 mm
1012 2579 1097 2676 ficut

28 2676 147 2766 Angeli
159 2683 215 2772 qui
230 2681 268 2746 in
292 2678 373 2746 calis
388 2678 482 2767 sunt.

111 2791 167 2864 17.
194 2773 308 2869 Quod
328 2775 434 2870 igitur
451 2773 560 2870 Josue
575 2777 718 2871 populo
735 2775 826 2850 dixit
841 2777 881 2848 in
899 2776 1003 2848 terrae'
1021 2770 1098 2847 san·

31 2869 96 2945 na
123 2870 372 2965 poffeffionem
398 2870 571 2959 indusio,
598 2874 636 2948 id
660 2875 696 2948 u
719 2875 827 2948 nobis
848 2893 948 2947 nunc
972 2873 1098 2947 dicere

31 2968 139 3068 poffit
162 2970 342 3064 scriptura.
394 2971 453 3047 sic
475 2978 596 3047 autent
624 2975 691 3047 ait:
724 2976 825 3047 Nunc
850 2979 959 3046 timere
986 2975 1099 3044 Dumi-

31 3097 110 3145 rrum
126 3069 165 3148 (i
173 3073 292 3161 seruire
308 3080 336 3141 er'
353 3076 391 3143 in
402 3078 550 3177 aquitffe
566 3070 605 3149 (5
614 3074 768 3171 justitia:
792 3092 946 3164 cumque
960 3069 1004 3161 βά
1018 3071 1100 3144 ido:

29 3174 152 3247 lorum
173 3174 310 3245 cultum
323 3173 570 3267 impellemur‚
595 3171 704 3247 addet
727 3194 769 3247 ea
788 3194 867 3263 quae
883 3170 1096 3262 sequuntur:

32 3271 172 3366 Auferte
186 3274 254 3346 ders
282 3274 403 3344 alienos
419 3276 534 3370 quibus
554 3274 736 3359 servierunt
752 3289 861 3369 parrer
884 3271 980 3440 vegia·
1002 3284 1098 3351 trem

31 3374 171 3468 fluvium
187 3368 227 3449 Θ
248 3376 286 3441 in
311 3374 471 3466 AEgypto,
503 3368 538 3443 ec
560 3375 681 3460 servite
706 3368 859 3446 Domino.
939 3368 1098 3463 rincipio

31 3476 128 3545 enim
149 3491 231 3546 cunr
250 3472 361 3564 prima
375 3471 484 3543 vobis
501 3466 614 3546 essent
628 3468 713 3545 fidei
730 3470 932 3545 rudimenta
953 3467 1098 3541 traden-

31 3571 102 3661 da,
123 3572 202 3661 jure
223 3571 294 3643 dici
312 3572 418 3643 vobis
437 3572 577 3664 potuit:
605 3568 671 3646 Sin
692 3588 796 3642 aurem
810 3569 897 3643 volis
912 3589 978 3638 mn
992 3567 1097 3661 placer

25 3670 336 3769 [ervireDcminQ
361 3673 465 3764 eligite
483 3673 571 3741 erlis
589 3677 640 3742 cui
658 3671 822 3760 servituri
839 3667 938 3764 fitis,
963 3690 1008 3738 art
1031 3666 1097 3736 diis

21 3768 162 3877 jutius
170 3770 360 3861 servierunt
377 3786 484 3871 patres
502 3769 603 3869 vestri
628 3787 725 3846 trans
746 3768 912 3869 fiuvium,
931 3790 992 3940 :im
1014 3767 1098 3853 niu

55 3872 59 3879 '
133 3872 138 3881 '
179 3874 213 3907 ’·’
538 3874 544 3883 “
964 3887 1043 3939 mor·

79 3970 91 3983 ,,
101 3928 207 3983 tan-5³
