2498 4254
284 151 380 230 on
431 147 886 234 onarrouu.
1007 85 1115 240 ¹'511

56 320 145 394 tivis
165 318 288 392 verbis
307 316 428 389 oratio
456 315 642 388 enuntiata
664 312 727 401 su,
750 316 939 405 pravarum
958 311 1052 386 illius
1068 314 1122 388 in-

49 421 361 515 terpretationum
381 411 597 491 meminisse,
620 434 746 486 eorum
767 416 878 509 gratia
899 432 991 503 quos
1017 412 1123 486 dece·-

57 520 134 614 pi't,
160 520 293 611 quique
313 516 458 609 impiam
480 515 574 605 illius
592 511 793 587 doetrinam
814 510 1053 606 admiserunt5
1081 514 1121 587 iu
1166 580 1169 591 ,

58 638 152 711 quos
170 616 210 688 uu
224 636 294 689 nos
314 613 507 706 aliquando
530 614 729 704 incidimus.

77 742 80 753 ⁴
136 737 193 804 25.
226 719 390 788 Adveniet
409 736 537 807 regnum
563 728 665 790 tuum.
726 712 763 783 Si
789 735 914 806 reguum
937 717 1004 784 Dei
1018 713 1122 807 juxta

57 818 211 891 uerbum
233 812 440 888 Domini&
461 810 654 886 servatoris
679 809 792 884 nostri
816 836 887 886 cum
912 813 1122 902 observatiam

58 941 128 988 mou
142 920 265 1003 veuit,
290 938 388 1011 neque
405 917 531 984 eliceret:
559 937 619 983 acce
635 914 708 998 bic,
733 927 793 982 aut
817 937 877 984 ecce
896 915 977 1004 isse,
996 915 1051 1004 sed
1075 938 1123 985 re·

56 1041 156 1111 guum
183 1020 244 1087 Dei
267 1019 359 1086 iutro
377 1033 448 1086 nos
473 1012 536 1108 eli,
564 1037 638 1083 nam
652 1032 746 1108 prope
763 1011 802 1108 est
815 1014 947 1097 'verbum
969 1014 1061 1084 valde
1084 1017 1123 1084 in

60 1142 113 1188 ore
130 1114 254 1188 nostro
272 1112 311 1191 (5
330 1121 366 1184 iu
386 1113 472 1184 corle
492 1109 637 1186 nostro:
660 1113 790 1205 procul
813 1110 924 1186 dubio
941 1112 972 1185 is
988 1114 1049 1205 qui
1068 1134 1123 1186 re·

58 1237 168 1313 gnum
185 1215 257 1287 Dei
272 1216 444 1304 advenire
463 1224 651 1306 precatur,
678 1211 946 1302 decoquodin
962 1210 1123 1286 sehabet

60 1334 176 1411 regno
193 1314 266 1386 Dei
279 1300 375 1387 reiib
388 1324 488 1405 orat,
514 1325 556 1383 ut
571 1312 725 1401 oriatur,
750 1309 932 1383 &fructus
950 1310 1062 1404 ferat,
1087 1311 1123 1384 ἃ

60 1411 279 1510 perficiatur.
343 1412 441 1485 Nam
463 1412 502 1483 in
528 1412 694 1502 quolibet
717 1408 917 1485 sanitorum
939 1408 1043 1484 Deus
1065 1430 1125 1483 re·

62 1528 171 1610 gnat,
205 1511 410 1605 &quilibet
434 1508 569 1585 sancius
592 1508 829 1604 spiritualibus
848 1509 1056 1602 obsequitur
1075 1511 1126 1583 le·

61 1610 164 1709 gibus
177 1612 249 1685 Dei
264 1608 323 1704 qui
336 1613 374 1684 in
391 1607 468 1707 ipso
480 1609 638 1702 habitat,
663 1622 705 1681 ut
723 1613 760 1682 in
776 1607 874 1683 reste
887 1604 1126 1683 administrati

62 1713 223 1787 civitate.
274 1709 430 1783 Praesens
457 1712 491 1781 ei
511 1722 614 1802 pater
635 1708 758 1801 adest,
792 1707 1046 1806 &conregnat
1065 1730 1124 1803 pa·

62 1813 110 1883 tri
132 1808 290 1883 Christus
315 1811 353 1881 in
377 1810 436 1879 illa
465 1811 582 1881 anima
605 1807 764 1902 perfesia
778 1810 881 1900 juxta
906 1808 994 1882 illud
1023 1811 1143 1902 cujus·

62 1912 174 2005 paulo
195 1919 279 1980 ante
295 1908 435 1980 mentio
451 1904 542 1979 faita
563 1906 632 1980 est:
657 1910 708 1980 Au
724 1912 791 1978 eum
802 1909 1019 1985 veniemus&
1036 1933 1126 1981 man-

58 2010 172 2108 ssomm
196 2009 371 2103 opud'eum
393 2005 557 2098 faciemus.
584 2002 588 2009 ’
620 2005 678 2079 Ac
705 2008 778 2080 Dei
804 2008 947 2100 quidem
974 2030 1126 2105 regnum

63 2109 135 2183 dici
160 2121 252 2201 puto
283 2104 432 2199 felicem
459 2104 649 2200 superioris
683 2109 794 2201 partis
819 2113 945 2182 animae
971 2108 1123 2204 statum,
1228 2194 1230 2199 ,

63 2206 355 2301 compositasque
389 2205 422 2276 δι
461 2203 656 2301 sapientes
672 2209 942 2303 cogitationes:
974 2228 1126 2304 regnum

62 2328 156 2382 vero
173 2304 301 2379 Christi
317 2321 392 2378 tum
405 2303 589 2379 sermones
607 2307 667 2395 qui
683 2308 721 2378 in
738 2306 960 2381 audientium
976 2305 1126 2384 salutem

61 2406 319 2503 proferuntur,
338 2419 421 2479 ‘tum
444 2406 504 2497 qui
528 2400 764 2498 perficiuntur
784 2404 879 2480 auus
897 2406 1063 2500 justitiae,
1090 2408 1127 2482 δι

62 2519 273 2580 caeterarum
297 2508 499 2580 virtutum:
534 2505 684 2578 verbum
712 2507 808 2580 enim
831 2506 865 2578 ἀ
886 2505 1020 2600 justitia
1053 2504 1126 2600 est,

59 2604 157 2681 filius
173 2606 261 2683 Dei.
313 2604 452 2679 Contra
466 2605 504 2677 iu
521 2623 649 2676 omnes
665 2618 879 2697 peccatores
898 2605 1127 2698 tyrannidem

65 2719 215 2778 exercet
231 2707 398 2799 princeps
416 2704 531 2778 saeculi
545 2703 649 2795 hujus
664 2725 676 2785 ς
702 2704 819 2795 quiuis
838 2708 933 2779 enim
949 2718 1126 2800 peccator
1150 2750 1154 2761 ·

63 2801 230 2899 praesenti
245 2803 375 2877 saeculo
394 2822 548 2895 nequam
561 2805 785 2896 mancipatus
801 2802 872 2898 est,
897 2824 979 2879 cum
993 2804 1028 2878 se
1044 2826 1125 2880 non

62 2903 182 2977 tradat
204 2905 237 2977 ei
257 2908 313 3001 qui
336 2906 420 2975 uelit
438 2905 636 2998 semetipsum
656 2923 715 2999 pro
741 2905 832 2975 uobis
853 2909 1061 3001 muratoribus
1087 2919 1129 2977 ut

65 3008 198 3098 eriperet
217 3026 274 3072 nor
296 3005 339 3097 rie=
352 3005 499 3100 prasenti
513 3003 621 3092 seculo
645 3004 782 3101 nequam
799 3004 839 3081 ὅ
863 3013 998 3102 eriperet
1013 3006 1129 3094 secuu-
1219 3050 1226 3073 s

64 3106 141 3176 dum
162 3103 361 3176 voluntatem
385 3106 451 3176 Dei
471 3101 509 3179 ὅ
526 3107 634 3200 patris
652 3104 768 3203 unsri,
792 3103 896 3196 juxta
920 3127 962 3178 ea
980 3125 1058 3196 quae
1076 3104 1133 3178 di·

67 3214 200 3276 cuntur
229 3204 269 3275 in
301 3201 452 3296 epistola
478 3202 523 3275 ad
552 3201 710 3279 Galatas.
776 3205 849 3299 Qui
870 3202 981 3277 vero'
997 3205 1132 3298 princi·

64 3306 121 3398 pis
153 3303 258 3394 hujus
284 3300 400 3376 saeculi
426 3303 661 3399 tyrannidem
677 3304 812 3396 patitur
844 3303 961 3379 libero
985 3302 1131 3397 peccati
1171 3362 1187 3385 ,

66 3404 239 3494 arbitrio,
266 3403 303 3474 in
325 3423 408 3476 eum
431 3403 465 3474 br
485 3415 672 3494 peccatum
695 3415 832 3498 regnat.
884 3407 1006 3499 Quare
1025 3405 1133 3490 jubet

67 3498 198 3572 Paulus
220 3514 262 3574 ut
286 3522 364 3575 non
390 3503 541 3595 amplius
559 3499 783 3593 subjiciamur
808 3515 963 3593 peccato
981 3520 1133 3600 regnare

65 3599 107 3671 in
129 3596 246 3675 nobis
261 3602 425 3676 volenti:
459 3602 624 3694 prucipit
647 3613 768 3676 autem
796 3600 852 3672 his
875 3603 1016 3677 verbisr
1050 3604 1134 3674 Nus

69 3721 137 3791 ergo
152 3720 255 3793 regnet
270 3720 430 3798 peccatum,
441 3705 476 3770 in
497 3702 602 3796 uoflru'
616 3701 746 3770 mortali
759 3722 899 3795 corpore,
925 3718 963 3773 ut
982 3702 1133 3771 obediatis

69 3803 324 3900 concupiscentiis
338 3807 417 3900 ejus.
467 3800 610 3886 Verum
624 3800 724 3878 dicet
738 3796 863 3895 aliquis
880 3800 1135 3975 adsscrumque

964 3919 1098 3971 orum.
