2498 4254
73 120 141 247 'ss
283 122 302 188 -’
350 124 356 135 ·
410 136 823 223 ourornrs

86 302 317 385 'subsistentia
334 304 411 399 ejus
433 304 572 399 dicatur
588 309 811 402 exprimere:
834 301 966 399 idest,
991 322 1077 379 cum
1099 300 1151 381 se'·

88 406 277 501 metipsum
292 408 445 500 primum
459 404 626 481 describit
644 406 812 501 sapientia
827 427 870 480 ea
887 426 964 497 qua
983 404 1149 479 revelare
1169 480 1172 485 .

88 508 173 579 vult
195 506 356 600 caeteris,
383 504 574 599 exquibus
592 504 635 581 ab
654 507 723 579 illis
747 505 948 603 agnoscitur
968 502 1003 575 tr
1020 503 1145 577 intelli·
1165 506 1170 560 ἰ

114 607 186 677 'tur
201 604 324 697 Deus,
351 606 386 680 &
403 606 478 680 hoc
493 598 630 679 dicatur
648 598 761 702 figura
776 601 934 697 expressa
948 599 1144 677 substantie
1160 605 1172 703 l

130 706 175 781 ei.
225 704 281 777 Ut
298 719 416 779 autem
436 704 575 799 plenius
592 706 707 779 adhuc
726 704 943 799 intelligatur
958 700 1172 803 quomodcq

87 802 259 878 Salvator
283 802 397 901 figura
421 804 472 879 est
496 802 693 881 substantiae
716 805 779 877 vel
804 801 1027 878 subnstemiae
1052 800 1139 897 Dei,
1158 815 1172 898 j.

87 918 231 978 utamur
249 904 355 978 etiam
372 906 563 999 exemplo,
589 904 688 999 quod
710 903 870 997 quamvis
888 922 963 975 rem
976 921 1054 975 non
1070 902 1139 995 ple·
1158 916 1172 1007 g

87 1024 138 1077 ne
162 1024 232 1076 nec
255 1006 405 1097 proprie
428 1001 600 1100 significet
624 1004 668 1078 de
689 1024 759 1097 qua
783 1002 937 1101 agimus,
963 996 1172 1097 tamenadj

87 1104 163 1177 lroc
187 1100 302 1175 solum
326 1102 492 1177 videatur
516 1102 723 1197 assumtum,
750 1103 849 1195 quod
874 1100 1082 1176 exinaniens
1108 1096 1138 1175 se
1151 1138 1172 1196 g

87 1198 182 1277 silius
198 1202 257 1292 qui
275 1214 350 1274 erat
365 1203 401 1276 in
417 1202 535 1277 forma
549 1203 643 1299 Dei,
669 1225 733 1297 per
746 1201 852 1295 ipsam
870 1201 920 1274 sui
935 1200 1137 1273 exinanitio·
1158 1238 1172 1287 p

76 1300 172 1383 ¹irem
185 1298 303 1374 studet
325 1303 433 1376 nobis
450 1301 590 1376 deitatis
611 1302 869 1397 plenitudinem
890 1298 1135 1377 demonstrate
1158 1297 1172 1384 '2-

86 1399 204 1473 Verbi
216 1394 330 1496 causa,
345 1400 470 1475 fisasta
483 1400 695 1494 essetaliqua
707 1402 820 1477 statiua
831 1400 910 1473 talis
926 1420 1004 1491 quae
1015 1398 1137 1495 magni·
1153 1414 1172 1447 ··

86 1497 214 1573 tudine
226 1494 277 1573 sui
294 1500 499 1575 universum
517 1502 645 1577 orbem
659 1515 763 1575 temae
783 1513 945 1591 teneret,
971 1457 1172 1594 &prosui‘

85 1598 320 1673 immensitate
339 1599 553 1675 considerari
576 1604 715 1675 anullo
735 1599 877 1694 posset:
901 1594 1007 1671 fieret
1026 1610 1172 1704 autem,

86 1695 156 1771 alia
168 1696 283 1771 statua
299 1701 542 1779 membrorum
554 1700 678 1780 habitu
693 1721 735 1773 ac
754 1700 878 1773 vultus
896 1695 1139 1791 lineamentis„
1158 1707 1172 1785 ὲ

84 1796 206 1893 specie
219 1818 262 1869 ac
278 1800 425 1873 materia
436 1819 503 1894 per
517 1802 637 1873 omnia
652 1799 769 1875 fimilis
786 1803 920 1892 absque
935 1793 1138 1892 magnitudi·
1157 1833 1172 1862 ι

83 1897 142 1971 nis
159 1896 421 1993 immensrtate,
447 1920 516 1996 pro
531 1921 578 1974 eo
593 1915 634 1972 ut
656 1902 716 1994 qui
733 1901 828 1973 illam
841 1897 1043 1972 immensam
1060 1914 1138 1969 con·
1155 1891 1172 1970 i

85 1995 239 2071 siderare
262 2010 370 2089 atque
393 2000 524 2073 intueri
548 2021 625 2073 non
651 1999 813 2093 possent,
839 2000 931 2072 hanc
957 1996 1136 2087 videntes,
1156 2012 1172 2098 ξι

84 2092 183 2169 illam
206 2095 389 2171 sevidisse
412 2096 698 2191 confiterentur,
734 2120 803 2194 pro
828 2119 875 2171 eo
900 2096 999 2189 quod
1026 2093 1138 2169 omnis
1154 2121 1172 2180 q

85 2197 329 2268 membrorum
344 2198 378 2269 u
393 2200 516 2270 vultus
531 2198 766 2292 lineamenta,
794 2199 855 2270 vel
873 2192 979 2292 ipsam
992 2192 1138 2288 speciem
1155 2191 1172 2281 ‘e

84 2294 340 2386 materiamque
358 2295 582 2370 similitudine
602 2297 747 2391 prorsus
761 2296 950 2370 indiscreta
963 2288 1137 2367 servaret:
1155 2331 1172 2384 ς

84 2391 148 2464 tali
168 2391 317 2483 quadam
340 2393 566 2469 srmilitudine
591 2397 796 2471 exinaniens
822 2395 857 2469 se
881 2392 974 2468 filius
1001 2391 1074 2475 Dei
1099 2390 1172 2482 de,

84 2490 287 2581 equalitate
317 2495 457 2588 patris,
495 2495 530 2569 δι
560 2496 655 2569 uiam
689 2498 794 2569 nobis
822 2494 1041 2592 cognitionis
1068 2481 1172 2586 ejus}¹

86 2588 299 2684 ostendens,
334 2588 447 2689 figura
470 2592 630 2687 expressa
651 2592 848 2669 strbstantiae
872 2595 947 2689 ejus
964 2590 1172 2687 efficiturr,

84 2704 127 2761 ut
140 2690 200 2780 qui
213 2692 249 2763 in
263 2693 504 2788 magnitudine
520 2695 661 2767 deitatis
677 2695 744 2767 suae
755 2693 905 2787 positam
923 2688 1143 2790 gloriamnri·
1160 2722 1172 2792 g

84 2798 132 2861 re
146 2790 235 2863 lucis
252 2810 328 2864 non
347 2805 555 2884 poteramus
573 2791 749 2887 aspicere,
786 2814 851 2887 per
867 2793 941 2867 hoc
962 2790 1059 2884 quod
1078 2810 1142 2873 no·
1161 2839 1172 2862 .-

83 2886 138 2963 bis
165 2886 338 2983 splendor,
361 2888 536 2986 efficitur,
573 2893 754 2966 intuendae
778 2894 868 2966 lucis
893 2892 1024 2965 divine
1046 2892 1172 2986 viam3

83 2999 149 3083 per
164 2986 360 3081 splendoris
377 2992 554 3085 capiamus
573 2988 757 3086 aspectum.
810 2990 1044 3085 Comparatio
1063 2986 1172 3089 semp

83 3088 130 3160 de
144 3087 266 3160 statuis
287 3088 380 3180 quasr
395 3090 432 3162 in
448 3093 556 3163 rebus
577 3092 815 3165 materialibus
832 3090 970 3184 posita,
998 3089 1041 3162 ad
1056 3086 1143 3163 nihil
1163 3141 1172 3193 1

84 3186 178 3258 aliud
195 3187 392 3283 recipitur,
425 3210 529 3280 quam
543 3190 587 3264 ad
601 3190 676 3264 hoc
699 3192 797 3283 quod
813 3188 909 3265 filius
926 3190 996 3263 Dei
1010 3183 1172 3291 brevis·-t

82 3284 173 3359 fimas
191 3286 342 3360 insertus
361 3287 505 3362 humani
519 3292 683 3383 corporis
698 3292 825 3365 formae
843 3312 888 3363 ex
905 3309 1059 3383 operum
1071 3288 1143 3363 vir.-
1165 3344 1172 3367 .

82 3382 237 3475 ustisque
249 3386 474 3463 fimilitudine
489 3391 599 3481 patris
615 3391 651 3462 in
662 3388 697 3463 se
714 3384 916 3465 immensam
931 3410 972 3461 ac
988 3386 1146 3463 invifibi·
1166 3379 1172 3450 ῗ

69 3484 153 3557 ‘lem
170 3486 449 3580 magnitudinem
473 3488 701 3584 designabat,
743 3510 809 3584 per
827 3490 902 3563 hoc
925 3487 1026 3581 quod
1042 3484 1172 3563 .dice··'.?'

79 3581 144 3657 bat
164 3582 208 3657 ad
226 3581 416 3678 discipulos
435 3584 517 3660 lbos
539 3588 621 3679 quia
642 3596 699 3687 qui
717 3616 764 3663 me
782 3592 892 3676 vider,
918 3591 1009 3660 vider
1032 3585 1074 3665 si
1084 3609 1146 3685 pm·

80 3692 185 3756 nrm:
210 3683 271 3778 dc,
296 3709 346 3780 ego
366 3690 405 3763 sl
419 3703 624 3786 puerariam
639 3690 761 3782 [κωκυ.
811 3687 953 3789 Quibus
977 3690 1094 3863 εῐίῗιιὲ
1103 3686 1145 3762 il·-
1167 3747 1172 3790 ⁴,

101 3822 105 3830 ·
1041 3806 1067 3865 u
