2498 4254
147 286 150 293 ,
205 203 282 284 ns
329 198 669 304 rainerius,
718 202 906 286 araur.
1005 228 1078 307 171

83 387 87 393 ·
98 391 133 465 3.
158 368 386 445 Rationabile
396 390 487 443 vero
497 371 623 444 animal
632 392 713 444 cum
727 371 857 445 habeat
870 372 908 445 in
917 369 954 446 sc
968 372 1081 449 &hos

58 472 203 547 tturales
213 486 356 566 motus,
381 471 490 545 habet
503 482 622 545 tamen
635 472 782 564 amplius
798 472 935 545 caeteris
950 474 1078 549 anima·

58 592 114 643 >us
134 570 241 645 etiarn
260 572 407 645 rationis
424 570 497 643 vim
516 592 584 662 qua
595 571 752 663 judicare
772 569 1017 646 &discernere
1033 572 1081 649 de

58 669 183 743 otibus
197 672 413 751 naturalibus
429 670 555 766 poffit,
583 671 713 744 &alios
728 670 870 762 quidem
882 674 1080 765 reprobare

68 770 254 861 abjicere,
282 771 370 843 alios
388 792 480 844 vero
499 770 655 862 probare
677 784 783 862 atque
799 769 992 867 suscipere,
1019 794 1082 845 cu·

58 868 242 941 stationis
259 869 396 961 judicio¹
411 870 512 964 dirigi
531 869 564 941 dc
581 871 769 965 gubernari
786 870 939 943 hominis
956 884 1078 946 monas

58 966 194 1042 lvitam
209 969 431 1061 probabilem
448 969 587 1061 poffint.
638 970 748 1043 Unde
767 968 1077 1065 consequens-est,

58 1087 62 1137 ;
78 1070 251 1158 quoniam
264 1081 391 1141 natura
405 1070 555 1141 rationis
571 1070 675 1162 hujus
693 1092 770 1163 quae
786 1068 836 1143 est
852 1072 889 1142 in
908 1070 1078 1165 homine,

58 1166 131 1239 abet
143 1166 182 1239 in
198 1166 317 1241 sevim
336 1167 562 1263 dignoscendi
579 1170 665 1243 boni
676 1170 736 1243 vel
747 1164 850 1262 mali,
870 1168 977 1261 idque
996 1190 1080 1257 curn

58 1262 209 1360 scernit,
235 1266 323 1339 inest
338 1269 371 1340 ei
384 1268 533 1341 facultas
550 1270 655 1344 etiam
672 1269 825 1364 eligendi
837 1269 936 1361 quod
948 1268 1079 1364 proba·

58 1365 132 1458 uit,
147 1370 185 1439 in
202 1367 365 1462 eligendo
384 1369 525 1461 quidem
541 1370 639 1459 quod
654 1370 790 1443 bonum
805 1366 868 1460 est,
877 1365 1079 1462 laudabilis,

76 1463 260 1557 sequendo
274 1489 366 1541 vero
382 1469 480 1562 quod
494 1481 599 1561 turpe
614 1470 673 1542 vel
683 1470 811 1542 malum
824 1467 893 1560 est,
909 1469 990 1561 jure
1006 1468 1080 1569 cul·

58 1564 146 1637 abilis
170 1567 363 1658 judicetur.
412 1567 504 1641 Illud
522 1566 603 1641 sane
626 1588 848 1660 nequaquam
874 1567 987 1639 latere
1008 1586 1078 1640 nos

58 1666 151 1755 abet,
179 1666 327 1757 quodin
341 1668 522 1741 nonnullis
534 1670 641 1743 mutis
654 1669 860 1741 ani-malibus
876 1667 1079 1741 ordinatior

58 1764 164 1839 tidem
181 1782 302 1839 motus
319 1790 359 1840 ac
377 1768 515 1841 caeteris
537 1769 743 1842 animalibus
760 1768 965 1857 invenitur,
991 1765 1081 1839 utin

58 1865 200 1959 gacibus
221 1867 393 1961 canibus,
421 1869 483 1940 vel
499 1868 734 1939 bellatoribus
752 1866 879 1958 equis,
905 1866 954 1936 ita
968 1878 1011 1938 ut
1024 1862 1079 1935 vi-

58 1976 173 2045 santur
189 1967 360 2056 aliquibus
377 1967 483 2041 velut
497 1967 702 2039 rationabili
717 1962 872 2056 quodam
885 1960 985 2037 sensu
1001 1981 1079 2037 rno-

58 2064 111 2139 eri.
143 2065 213 2137 Sed
225 2066 261 2137 id
277 2088 353 2139 non
362 2066 696 2159 tamrationequam
706 2063 894 2138 incentivo
907 2064 1078 2157 quodam,

58 2167 221 2235 naturali
234 2179 337 2237 motu
351 2188 419 2259 pro
436 2165 640 2258 hujusmodi
658 2166 774 2239 usibus
795 2163 922 2259 largius
936 2161 1078 2235 indulto

58 2262 99 2334 eri
122 2263 338 2338 credendum
358 2266 418 2354 eil.
469 2267 608 2339 Verum
620 2262 669 2337 'ut
691 2265 809 2337 dicere
837 2282 1078 2355 cuperemus,

58 2363 164 2437 amita
176 2362 210 2435 se
221 2365 351 2438 habeat
360 2366 572 2439 rationabile
587 2365 736 2458 animal,
750 2365 856 2437 nobis
869 2362 1076 2435 hominibus

58 2461 178 2535 cidere
195 2464 336 2555 quidem
359 2464 576 2537 extrinsecus
593 2463 739 2557 poliunt
761 2464 876 2555 aliqua
896 2462 930 2534 dc
952 2480 1080 2555 occur·

58 2580 101 2632 ue
118 2561 194 2634 save
209 2563 253 2634 ad
268 2562 380 2636 uisum
396 2563 470 2637 srve
486 2564 529 2637 ad
551 2564 708 2638 auditum
722 2618 734 2656 ‚
760 2563 822 2635 vel
837 2560 880 2634 ad
896 2560 985 2635 alios
1004 2560 1079 2633 sen·

58 2680 165 2752 uquae
179 2682 247 2734 nos
257 2664 444 2737 concitent
457 2685 497 2736 ac
513 2676 722 2757 provocent
733 2664 904 2736 adbonos
920 2663 981 2733 vel
992 2680 1080 2732 con·

58 2761 150 2832 'arios
166 2775 304 2835 motus:
331 2764 546 2856 quantique
565 2765 647 2855 quia
663 2759 879 2837 extrinsecus
893 2759 1077 2850 incidunt,

58 2878 99 2931 on
125 2860 176 2932 est
195 2862 232 2932 in
252 2861 374 2934 nostra
393 2863 547 2967 positum
569 2861 749 2956 potestate
772 2883 819 2934 ne
836 2857 995 2932 incidant
1016 2858 1079 2930 vel

58 2973 226 3035 ccursant.
276 2961 438 3057 Judicare
454 2980 547 3036 vero
564 2962 767 3056 &probare
781 2958 931 3129 qualitbm
944 2957 998 3028 uti
1016 2955 1078 3029 dc÷

907 3074 1025 3128 eamus

242 3218 667 3325 Iurnnrarrfino
703 3238 850 3295 nova,

58 3380 110 3432 rus
128 3360 205 3434 vim
223 3357 292 3431 elie
310 3359 384 3433 saue
402 3360 445 3432 ad
460 3362 596 3453 majora
609 3362 683 3435 sive
694 3360 737 3434 ad
752 3360 893 3433 minora
907 3374 1077 3453 peragen-

58 3479 85 3553 ι,
111 3459 203 3532 adeo
221 3472 263 3529 ut
271 3459 314 3530 ad
329 3461 401 3531 uim
414 3461 563 3531 racionis
583 3480 719 3553 prope,
744 3472 787 3530 ut
801 3459 852 3529 ita
867 3455 1003 3548 dicam,
1021 3478 1077 3529 ac·

58 3559 124 3631 idat
139 3579 266 3631 canum
283 3559 320 3628 in
333 3558 581 3655 investigandis
603 3560 689 3633 feris
704 3557 892 3654 sagacitas,
920 3554 1076 3629 &bella-

58 3678 139 3732 rum
161 3678 337 3754 equorum
359 3657 562 3733 dexteritas.
623 3660 679 3732 Ut
698 3660 806 3754 igitur
822 3654 999 3751 quidpiam
1016 3674 1075 3725 ex-

58 3756 188 3831 insecus
206 3756 362 3849 incidat,
390 3757 488 3850 quod
507 3759 766 3854 cogitationem
779 3755 886 3830 nobis
899 3755 992 3826 hanc
1012 3753 1075 3825 vel
1168 3814 1171 3819 .

60 3878 111 3935 arn
143 3870 401 3955 commoveat,
427 3878 502 3934 non
528 3858 638 3935 estin
669 3856 818 3958 nostra,
845 3866 894 3933 ut
919 3850 1086 3926 iatennu

893 3972 1059 4048 omues„
