2498 4254
77 200 174 272 ,404
223 156 528 253 otilo-tems
552 170 632 248 DE
655 169 855 251 PRINC.
880 167 986 250 tiu.
1010 169 1078 251 IV.

79 338 207 415 insint
222 358 287 432 per
303 335 546 421 substantiam,
570 334 606 408 in
624 335 774 409 homine
787 333 1011 430 poliunteffe
1026 335 1158 426 perin-

97 437 286 527 dustriani,
314 437 349 509 dt
368 458 433 530 per
448 436 687 510 imitationem
704 435 795 513 Dei,
820 433 956 509 ficut&
971 432 1157 507 Dominus

96 537 255 633 defigunt
270 540 309 609 in
328 532 550 632 Evangelio,
575 535 719 606 dicens:
750 535 853 633 Estote
866 559 931 626 crgo
948 536 1157 617 misericordes

88 638 174 735 ficut
195 637 233 711 (7
260 639 353 708 Pater
371 637 467 733 volsci
489 636 657 723 misericors
680 634 730 731 efl.
784 631 861 726 Et,
891 633 992 728 Estote
1016 630 1157 727 perfossi

92 738 172 831 ficut
185 738 224 813 (5
234 733 337 810 Patri
349 735 449 831 vester
460 734 616 832 perfessus
631 734 679 831 efl
707 733 816 807 Unde
830 732 1020 806 evidenter
1035 729 1157 804 osten·

95 837 192 909 ditur
206 832 305 929 quod
319 837 356 907 in
371 834 456 907 Deo
472 834 614 928 quidem
631 834 687 907 hu
703 854 831 906 omnes
846 833 997 904 virtutes
1013 829 1156 924 semper

95 934 195 1027 sunt,
221 956 292 1007 nec
318 955 474 1026 unquam
503 934 675 1007 accedere
703 930 849 1025 possunt
874 944 936 1003 aut
958 930 1154 1023 recedere,

78 1038 140 1108 ab
163 1035 368 1108 hominibus
390 1054 481 1106 vero
499 1032 719 1127 paulatim&
738 1032 879 1128 singula
898 1051 1047 1122 quaeque
1064 1049 1155 1101 con-

94 1135 295 1226 quiruntur.
349 1132 455 1205 Unde
473 1134 579 1206 etiam
603 1130 949 1227 consanguinitatem
963 1130 1155 1221 quamdam

93 1254 160 1326 per
186 1234 262 1305 haec
288 1233 420 1303 habere
444 1234 615 1304 videntur
640 1232 682 1303 ad
709 1236 852 1305 Deum:
879 1229 913 1301 u
938 1249 1018 1300 cum
1048 1231 1153 1300 Deus

94 1335 218 1403 omnia
234 1333 395 1424 nouerit,
413 1331 544 1403 &nihil
560 1350 643 1406 eum
659 1352 777 1404 rerum
796 1326 1089 1414 intelledtu'alium
1105 1348 1153 1400 ex

92 1431 129 1503 se
150 1432 262 1502 lateat
277 1427 393 1526 (solus
418 1433 512 1503 enini
533 1430 636 1503 Deus
655 1431 806 1524 pater&
829 1429 1033 1524 unigenitus
1054 1422 1153 1499 filius

92 1530 193 1622 ejus,
219 1528 420 1622 &Spiritus
439 1527 573 1602 salidus
593 1552 669 1602 non
686 1528 798 1602 solum
811 1550 935 1601 eorum
957 1547 1034 1616 quae
1052 1546 1153 1598 crea·

91 1632 168 1720 vit,
195 1650 322 1701 verum
345 1632 452 1702 etiam
471 1627 724 1702 sui-scientiam
747 1626 870 1725 tenet)
889 1625 1008 1721 potest
1028 1638 1152 1698 tamen

92 1726 128 1799 u
143 1728 372 1807 rationabilis
395 1749 496 1803 mens
520 1725 716 1822 proficiens
743 1752 762 1800 a
784 1731 903 1821 parvis
924 1728 968 1798 ad
994 1726 1151 1817 majora,

75 1826 128 1933 s&
153 1849 173 1899 a
197 1828 393 1903 visibilibus
415 1828 457 1901 ad
484 1826 698 1920 invitabilia,
731 1830 922 1921 pervenire
942 1823 985 1897 ad
1008 1827 1152 1897 intelle·

80 1922 186 2001 'uum
200 1926 464 2020 persediorem.
514 1926 577 2000 Est
599 1931 695 2001 enim
715 1930 753 2000 in
773 1947 929 2020 corpore
946 1923 1087 2018 posita,
1115 1923 1151 1996 dr

92 2048 138 2099 ex
154 2026 238 2117 iplis
252 2025 468 2100 sensibilibus
484 2048 561 2119 quae
580 2026 661 2099 sunt
674 2041 852 2122 corporea
869 2027 912 2098 ad
929 2022 1150 2096 intellectua-

89 2122 138 2198 lia
157 2121 314 2217 proficit.
374 2128 512 2199 Verum
531 2129 655 2198 necui
676 2130 840 2200 videatur
863 2125 1076 2198 indecenter
1099 2123 1162 2195 dir

89 2220 184 2297 sium
198 2223 409 2296 insensibilia
426 2224 496 2296 else
513 2247 591 2316 qua
612 2226 864 2298 intelletlualir
880 2223 979 2316 sunt,
1006 2240 1151 2296 utemur

91 2323 261 2414 exemplo
281 2320 467 2396 sententia
488 2323 692 2398 Salomonis
717 2329 890 2397 dicentis:
924 2326 1056 2411 Sensum
1075 2348 1149 2418 qui-

87 2446 148 2592 zue
166 2424 313 2489 divinum
330 2420 487 2494 inuenies.
541 2424 672 2514 inquo
690 2425 847 2497 ostendit
864 2444 940 2496 non
963 2421 1150 2517 corporali

104 2518 216 2612 ensu,
242 2518 301 2593 sed
319 2524 390 2593 alio
409 2524 563 2613 qiiodam
583 2543 689 2613 quem
713 2524 873 2597 divinum
891 2528 1077 2613 nominat,
1105 2543 1147 2595 ea

88 2638 167 2711 qua
184 2619 544 2707 intellectualium,
563 2624 787 2712 requirenda.
815 2623 899 2696 Hoc
911 2637 1030 2694 autern
1046 2621 1146 2693 sensu

87 2720 197 2791 uobis
216 2720 428 2793 intuendum
452 2719 503 2793 est
521 2722 628 2795 etiam
649 2724 694 2795 de
717 2723 771 2794 his
786 2722 927 2818 singulis
945 2743 1022 2812 quae
1045 2722 1147 2814 supra

87 2815 260 2904 diximus,
286 2821 578 2912 rationabilibus,
604 2821 726 2894 &hoc
744 2820 844 2894 seusu
866 2822 1042 2894 audienda
1065 2821 1146 2891 sunt

86 2912 152 2989 illa
179 2938 257 3008 quae
281 2919 484 3011 loquimur,
519 2919 552 2990 ἃ
577 2920 831 2993 consideranda
854 2941 931 3012 quae
948 2921 1144 2992 scribimus.

86 3011 183 3088 Nam
205 3017 326 3089 divina
342 3032 492 3110 natura,
520 3021 626 3092 etiam
647 3023 745 3091 taciti
763 3041 840 3112 quai
856 3024 950 3094 intra
969 3038 1038 3089 nos
1062 3017 1146 3089 vol·

86 3132 233 3206 vanius,
260 3117 430 3210 agnoscit.
482 3117 541 3189 De
563 3119 615 3189 his
642 3132 761 3194 autem
785 3140 863 3212 quae
884 3120 1056 3207 diximus,
1082 3117 1144 3191 vel

87 3208 135 3281 de
148 3215 293 3305 reliquis
320 3236 399 3308 quae
416 3216 672 3308 consequentia
696 3221 799 3311 llint,
833 3218 1027 3292 secundum
1049 3218 1144 3291 hanc

86 3304 240 3386 formam
258 3334 364 3406 quam
384 3315 486 3409 supra
506 3314 761 3413 exposuimus,
787 3317 1012 3392 sentiendum
1029 3316 1095 3391 est.
