2498 4254
260 96 338 181 nu
386 99 733 201 numanus,
782 100 936 187 nnn
1088 127 1136 202 η

57 266 273 363 requirenda
292 264 392 341 sunt:
417 265 476 343 sed
499 267 533 341 &
555 266 599 341 de
618 269 717 341 omni
741 266 876 361 anima,
903 280 1011 362 atque
1032 269 1134 350 omni

56 369 264 445 rationabili
280 382 407 441 natura
423 368 650 441 nihilominus
672 370 922 459 requirendum
941 369 1002 446 est.

133 491 191 543 10.
217 465 280 539 Est
296 469 404 540 etiam
431 468 519 539 iliud
541 467 579 539 in
603 466 832 539 ecciefiastica
850 470 1132 564 praedicatione,

58 567 125 643 effe
151 568 301 662 angelos
325 566 399 639 Dei
419 564 609 658 quosdam,
645 566 850 639 &virtutes
873 568 991 641 bonas·
1012 571 1080 661 qui·
1095 566 1132 645 ei

10 737 13 757 ‚
58 664 255 743 ministrant
268 666 321 739 -ad
342 665 486 738 salutem
504 665 690 737 hominum
712 665 1045 742 consummandam:
1071 667 1132 743 sed

10 762 15 867 ζ
60 766 200 859 quando
218 764 275 837 isti
291 765 403 837 creati
417 765 485 837 sint
506 766 566 837 vei
584 768 724 858 quales,
752 779 814 837 aut
835 769 1023 856 quomodo
1040 770 1131 860 sunt,

10 935 16 953 ,
59 862 230 939 nonsatis
253 864 292 935 in
309 862 495 937 manifesto
517 863 724 961 designatur.
777 864 835 937 De
858 864 932 938 sole
954 882 1073 941 autem
1094 867 1132 939 δι

10 968 16 986 ’
60 958 161 1039 stellis
180 976 304 1037 utrum
318 964 507 1036 animantia
520 962 608 1055 sint,
634 986 678 1036 an
696 963 769 1036 fine
786 965 920 1057 anima,
946 963 1133 1040 manifeste
1162 1002 1173 1017 ·

10 1064 16 1099 '
59 1084 129 1137 uon
144 1061 309 1137 traditur.
361 1059 524 1154 Oportet
539 1062 645 1159 igitur
662 1064 846 1136 elementis
863 1084 905 1137 ac
922 1063 1132 1142 fundamen·

10 1151 17 1168 '
62 1162 100 1237 tis
116 1160 321 1257 hujusmodi
334 1163 389 1233 uti
406 1160 599 1235 secundum
615 1156 817 1236 mandatum
832 1161 930 1253 quod
945 1162 1052 1237 dicit:
1080 1163 1132 1237 lt.

61 1262 210 1333 inminuta
229 1262 318 1331 unies
331 1260 441 1331 lumen
451 1264 612 1349 scientia,
639 1280 783 1333 omnem
807 1264 867 1352 qui
885 1266 987 1355 cupit
1004 1264 1132 1339 seriem

10 1428 17 1454 ,
62 1360 244 1453 quamdam
263 1358 298 1431 &
317 1380 449 1454 corpus
473 1378 518 1433 ex
540 1360 670 1434 horum
689 1361 848 1433 omnium
868 1363 1009 1435 ratione
1025 1357 1132 1456 perfi-

10 1462 16 1544 ζ
62 1481 135 1535 cere
153 1475 197 1533 ut
216 1456 458 1532 manifestis&
471 1459 670 1537 neceiiariis
687 1458 936 1534 affertionibus
952 1460 997 1535 de
1017 1463 1132 1559 fingu-

10 1560 15 1574 '
60 1560 96 1633 lis
112 1556 312 1652 quibusque
327 1558 412 1649 quid
425 1560 467 1633 fit
479 1560 516 1630 in
534 1578 627 1633 vero
643 1559 809 1650 rimetur,
832 1559 867 1631 &
881 1580 992 1633 unum
1003 1557 1067 1657 (ut
1080 1562 1133 1635 di·

57 1656 192 1756 ximus)
206 1676 339 1751 corpus
352 1656 482 1731 efficiat
495 1656 665 1752 exemplis
681 1658 716 1729 &
730 1656 1040 1754 affirmationibus,
1066 1658 1131 1735 vel
1174 1724 1178 1731 .

56 1756 107 1831 his
128 1778 217 1849 quas
239 1756 278 1829 in
296 1754 419 1831 sanetis
441 1754 630 1852 scripturisx
645 1758 853 1850 invenerit,
885 1762 947 1833 vel
971 1778 1057 1859 quas
1082 1778 1132 1833 ex

56 1856 320 1951 consequentia
334 1856 439 1951 ipfius
457 1858 621 1954 indagine
641 1877 682 1930 ac
697 1856 784 1930 reffl
799 1869 930 1931 tenore
942 1859 1129 1952 repererit.

267 2052 537 2133 CAPUT
585 2050 922 2131 PRIMUM.

385 2234 390 2238 ·
492 2206 685 2287 DeDeo.

57 2378 94 2435 1.
163 2356 222 2429 cio
255 2352 425 2449 quoniam
458 2355 685 2429 conabuntur
712 2351 854 2448 quidam
878 2350 987 2430 etiam
1010 2345 1134 2428 seeun-

189 2455 273 2529 dum
286 2454 471 2549 scripturas
487 2456 625 2531 nostras
643 2457 763 2530 dicere
778 2457 899 2530 Deum
916 2470 1047 2546 corpus
1061 2451 1135 2527 effe

53 2554 231 2651 quoniam
249 2555 441 2629 inveniunt
465 2550 632 2649 scriptum
659 2550 728 2629 eise
754 2552 849 2649 apud
872 2552 1030 2646 Moysen
1056 2553 1134 2645 qui·

51 2658 160 2733 dem}
188 2660 279 2728 Deus
294 2656 392 2753 noster
406 2659 489 2748 iguis
502 2657 680 2745 consumens
695 2659 733 2739 eii
741 2677 755 2741 ,·
780 2653 817 2727 in
833 2652 1022 2749 evangelio
1037 2668 1133 2727 vero

60 2752 259 2833 secundum
271 2754 467 2851 Joannemt
495 2759 583 2829 Dens
595 2757 728 2852 spiritus
739 2755 791 2850 est,
812 2759 853 2839 Εἴ
867 2780 911 2823 ιω
928 2759 984 2850 qui
997 2755 1137 2823 adoram

10 2928 12 2935 ,
52 2880 142 2943 eun,
158 2866 196 2927 in
204 2858 326 2949 spiritu
339 2853 377 2932 ὅ
387 2859 526 2925 veritate
542 2873 660 2950 oporte!
677 2856 818 2926 adorare.
870 2852 965 2947 Ignis
986 2868 1080 2925 vero
1094 2851 1131 2924 &

10 2938 16 3019 Ι
55 2950 200 3051 spiritus
208 2975 285 3027 non
296 2952 391 3027 aliud
403 2954 496 3048 apud
505 2976 585 3046 eos,
594 2976 697 3047 quam
709 2970 840 3046 corpus
852 2950 921 3025 affe
932 2950 1130 3045 putabitur.

55 3058 166 3157 Quos
182 3054 409 3150 interrogare
427 3055 518 3126 volo
539 3056 622 3146 quid
642 3055 762 3127 dicant
783 3052 827 3126 de
846 3073 892 3125 eo
914 3049 1012 3142 quod
1027 3044 1133 3143 scrip·

10 3158 12 3187 ’
51 3166 136 3229 tum
155 3152 225 3247 est,
251 3151 333 3245 quia
349 3150 449 3226 Deus
470 3155 531 3226 lux
549 3151 623 3248 est,
649 3155 737 3226 sicut
753 3152 911 3248 joannes
927 3151 965 3223 in
983 3144 1135 3245 epistola

10 3264 16 3347 Ἰ
57 3252 122 3329 sua
145 3254 256 3327 dicite
286 3261 371 3325 Deus
387 3256 426 3323 lv.
460 3254 518 3350 est,
545 3252 583 3330 (5
601 3254 731 3325 tenebra
750 3274 814 3323 nun
828 3254 1018 3340 [antimo.
1040 3254 1044 3263 '
1065 3246 1135 3323 Ista

51 3375 188 3447 nempe
202 3353 266 3425 lux
282 3344 355 3446 est,
383 3356 460 3444 q'uae
477 3353 651 3426 illuminat
667 3368 810 3425 omnem
828 3342 961 3425 sensum
978 3365 1131 3441 eorum,

52 3456 115 3547 qui
133 3450 281 3547 poffunt
299 3472 430 3546 capere
448 3454 665 3544 veritatem,
679 3524 682 3529 .
696 3452 785 3526 ficut
799 3452 837 3525 in
856 3466 966 3525 xxxv.
995 3446 1137 3544 psalmo

56 3554 210 3627 dicitur:
248 3556 291 3625 In
311 3553 434 3625 lumine
463 3570 515 3623 tun
545 3554 719 3623 videbimus
747 3552 865 3630 iumen.
917 3547 1016 3649 Quid
1039 3546 1153 3622 enim·

51 3653 284 3727 aliud-iumen
300 3651 372 3727 Dei
388 3650 577 3725 dicendum
597 3650 673 3745 est,
699 3652 829 3741 inquo
854 3650 932 3743 quis
958 3644 1058 3722 videt
1080 3644 1137 3718 lu·

51 3774 161 3847 men,
185 3752 247 3828 niii
270 3752 389 3827 virtus
404 3746 501 3848 Dei,
526 3770 716 3848 perquam
733 3744 810 3845 quis
830 3743 1047 3855 illummatus
1071 3740 1135 3821 vel

107 3857 253 3947 oremus
284 3846 372 3928 mm.
404 3854 470 3927 m.
682 3848 711 3940 Β
976 3836 1103 3959 ‘mium
