2498 4254
309 174 405 255 DE
456 172 911 255 ormont„
1069 164 1141 273 5'37

85 343 191 414 omnia
214 333 426 437 quadrupedia
446 339 485 415 &
504 338 667 436 serpentia
686 334 725 415 (5
745 338 840 433 defliae
865 352 975 412 terra:
1001 336 1169 429 quand&

87 441 122 513 u
133 440 280 532 jubetur
292 437 432 533 surgere
447 437 481 510 dt
497 438 667 513 occidere
682 437 716 511 u
731 436 966 524 manducan
991 430 1152 529 cumqud

87 537 263 618 abnuifl'et
280 537 313 610 &
332 536 488 611 dixiffett
527 534 578 610 ‘dir
586 539 649 629 scir
666 542 740 636 quia
755 562 914 610 commune
932 553 989 610 aut
1009 541 1149 607 immuu-

86 643 160 714 dum
181 662 352 738 numquam
374 641 529 711 introivit
548 643 587 710 in
608 662 642 709 or
658 663 777 725 metm,
803 650 1031 732 praeceptum
1039 635 1148 725 ested
1200 684 1213 693 ν

85 739 269 818 neminem
293 757 525 814 communem
555 749 615 810 rut
638 737 860 812 immundum
884 738 1005 810 dicere
1029 736 1148 808 ironii-

85 858 194 915 nent:
221 857 268 909 eo
287 835 385 928 quod
400 857 478 928 quae
493 832 709 930 purificass'et
727 837 846 923 Deur,
872 837 1079 910 communia
1094 835 1148 906 di·

86 958 171 1009 cere
202 936 328 1012 Petrus
355 955 434 1010 non
462 936 622 1009 deberet.
674 935 739 1011 Ait
763 938 859 1011 enim
889 948 1028 1009 textus:
1052 934 1149 1027 Quod

88 1041 181 1109 Deus
202 1037 406 1131 purificavit,
443 1051 480 1106 tu
503 1060 660 1109 commune
680 1060 722 1108 ut
746 1039 876 1108 dixeris.
929 1032 1010 1107 Cibi
1040 1035 1149 1129 igitur

85 1135 210 1215 mundi
233 1135 266 1207 dc
288 1135 460 1209 immundi
481 1137 540 1224 qui
554 1136 655 1228 iuxta
678 1137 794 1232 legem
816 1134 955 1231 Moysis
979 1134 1151 1228 plurimo·

85 1256 166 1313 turn
182 1235 389 1308 nominibus
408 1230 610 1311 animalium
633 1233 889 1332 distinguntur,
918 1233 951 1306 dc
967 1234 1008 1306 ad
1026 1234 1148 1305 varior

87 1334 294 1408 referuntur
325 1336 552 1410 rationalium
584 1335 787 1409 animalium
817 1354 972 1427 morer,
1009 1331 1148 1406 docent

87 1436 178 1507 aiios
203 1435 312 1515 utiles
339 1432 409 1506 eise
429 1438 536 1511 nobis
563 1424 690 1525 cibos,
728 1435 820 1506 aliur
836 1446 998 1525 contra,
1024 1431 1147 1505 donec

89 1553 217 1604 omnes
235 1546 296 1604 aut
313 1530 433 1606 saitem
450 1536 589 1626 aliquos
604 1553 650 1606 ex
666 1533 767 1609 omni
782 1553 916 1630 genere
935 1529 1153 1625 purificave-¹

86 1634 134 1707 rit
151 1631 265 1724 Deus,
290 1633 470 1723 utilesque
485 1633 625 1710 fecerit.
667 1634 760 1734 Quae
773 1652 854 1706 cum
868 1631 965 1705 itaie
979 1633 1148 1717 habeant,

86 1744 258 1822 tantaque
277 1731 318 1803 sit
338 1733 502 1806 ciborum
521 1733 697 1818 varietas,
724 1751 816 1805 unus
835 1729 887 1805 est
907 1743 1037 1824 preter
1059 1749 1149 1801 enu-

87 1844 246 1907 meratos
261 1849 389 1903 ornnes
407 1829 640 1905 substantialis
657 1831 784 1925 panio,
808 1828 854 1903 de
876 1851 954 1922 quo.
972 1828 1150 1905 orandum

88 1927 140 2003 est
157 1942 258 2000 uteo
275 1927 371 2023 digni
384 1926 594 2018 efficiemur,
620 1932 810 2023 verboque
823 1930 890 2003 iiio
905 1930 1031 2002 nutriti
1048 1928 1149 2020 quod

88 2029 125 2100 in
143 2028 322 2121 principio
343 2030 436 2119 apud
453 2029 574 2104 Deum
595 2044 673 2105 erat
690 2028 812 2124 Deus,
836 2030 876 2103 in
896 2028 1016 2101 Deum
1036 2040 1150 2100 trans·

89 2127 295 2203 formemur.
346 2127 458 2201 Dicet
478 2129 603 2221 eliquit
628 2126 780 2202 immoror
801 2131 845 2203 rb
866 2127 993 2204 inroret
1014 2129 1149 2199 occidere

87 2227 281 2305 formatum
303 2227 392 2320 effe,
417 2230 467 2301 ita
489 2244 532 2300 ut
548 2240 674 2322 petere
689 2229 879 2320 jubeamur
898 2228 1082 2322 proprium
1096 2226 1150 2299 fu·

86 2329 156 2398 turi
173 2325 287 2398 saeculi
301 2347 452 2421 panem,
477 2340 520 2399 ut
529 2348 592 2420 per
608 2328 905 2419 anticipationem
921 2329 1028 2400 nobis
1047 2328 1149 2401 iilum
1188 2412 1191 2417 .

86 2425 190 2503 Deus
203 2429 273 2517 jam
289 2430 475 2523 lurgidum
501 2426 676 2519 deturque
693 2428 803 2500 hodie
822 2427 921 2520 quod
939 2427 1051 2500 veiuti
1072 2446 1150 2503 crat

89 2524 244 2599 dandum
268 2541 370 2601 erut:¹
389 2526 500 2601 hodie
525 2531 621 2600 enirn
641 2548 708 2621 pro
727 2525 856 2602 soeculo
875 2529 1037 2621 presenti
1057 2527 1152 2599 acci·

89 2627 147 2719 pi,
175 2646 252 2698 cras
264 2647 331 2717 pro
347 2626 482 2700 futuro.
534 2626 603 2700 Sed
617 2647 697 2701 cum
712 2624 812 2720 prior
826 2629 1062 2719 acceptione
1078 2626 1155 2716 qui·

91 2723 173 2795 dern
187 2724 307 2814 judice
326 2727 454 2796 melior
472 2725 536 2815 fit,
564 2727 807 2818 expendemus
829 2727 917 2798 iliud
937 2729 1026 2795 bodie
1052 2725 1157 2816 quod

91 2823 185 2914 apud
208 2824 419 2896 Mattnuum
438 2827 490 2896 his
508 2825 690 2917 adjicitur,
717 2837 779 2895 rut
793 2827 890 2913 quod
908 2826 1001 2919 apud
1014 2822 1153 2901 Lucam

91 2921 260 3011 scriptum
288 2920 337 2993 est
350 2943 367 2994 :¹
386 2930 422 2992 in
446 2927 537 3000 diem.
588 2923 676 2996 Mor
697 2921 748 2996 est
768 2923 948 3017 scripture
969 2926 1089 3000 multis
1111 2925 1152 3001 in
1184 2920 1188 2929 ’

91 3021 185 3097 locis
210 3042 326 3093 aevum
350 3043 460 3096 omne
485 3025 574 3094 trodio
596 3042 758 3119 vocare,
784 3037 826 3096 ut
852 3027 891 3099 in
918 3027 1005 3102 iilo:
1037 3024 1090 3121 ifle
1111 3022 1154 3123 esi

89 3136 182 3221 potet
196 3123 416 3193 Moabitarum
429 3123 523 3223 usquo
540 3128 577 3194 in
590 3125 774 3194 hodiernum
794 3127 884 3200 diem.
935 3124 1001 3202 Et:
1032 3129 1095 3195 Hic
1113 3122 1155 3223 est

91 3239 184 3321 pater
208 3225 464 3295 Ammonitorum
488 3227 583 3319 'usque
614 3227 652 3297 in
675 3226 862 3295 hodiernum
893 3227 983 3296 diem.
1033 3223 1153 3305 Itemt

95 3322 310 3415 Divrdgutnm
326 3324 365 3417 esd
378 3326 509 3394 verbum
528 3325 606 3419 istud
619 3326 700 3419 opud
718 3328 865 3419 Judaos‚
890 3326 982 3424 uj'qur
994 3325 1155 3396 inridier.

93 3447 172 3494 num
191 3426 282 3502 diem.
333 3422 424 3499 Item
441 3426 478 3501 in
496 3422 658 3523 psalmist
688 3427 823 3520 Hodiess
834 3432 943 3497 uocem
960 3430 1024 3522 ejus
1042 3426 1153 3497 audir-

96 3526 190 3607 ruis,
216 3524 316 3594 erudite
334 3527 484 3595 oidurara
501 3527 592 3601 cordo
615 3523 726 3605 cedro.
778 3525 820 3602 In
839 3523 949 3622 Josue
977 3524 1154 3605 autemid

94 3622 303 3713 tpertiiirme
326 3624 456 3699 dicitur
479 3625 552 3701 hoc
570 3625 703 3703 modo:
729 3628 783 3699 Ne
801 3628 989 3701 raedoriro
1015 3623 1157 3703 Domino

95 3725 256 3797 hodiernis
280 3724 402 3818 diebus..
446 3724 558 3822 Quod
581 3725 607 3801 ir
631 3725 865 3809 indictorum
892 3727 972 3802 hoe·
988 3724 1155 3807 secutum

94 3822 164 3903 est:
189 3821 308 3903 forirn
328 3823 407 3904 heri
423 3825 587 3904 seculuro
607 3822 658 3901 est
675 3827 916 3923 preterituntt
940 3825 1015 3906 hoc
1034 3836 1155 3908 tutent

637 3924 742 4028 Lis
1081 3920 1132 3994 Q
