2498 4254
318 145 413 224 DE
464 80 935 225 oun‘rlonu
1076 170 1148 246 493

88 312 241 391 meliora
267 306 300 384 dc
322 308 502 383 diviniora
521 296 654 400 'quibua
669 308 843 406 indiget,
869 307 948 382 haec
971 324 1051 399 que
1071 330 1152 401 per·

87 408 263 506 spexerit'‚
291 409 412 483 aneo
437 408 591 502 &patre
615 408 788 503 accipiet,
824 409 882 481 cui
905 406 1051 502 cognita
1069 407 1151 481 sunt

88 512 195 585 etiam
219 522 411 601 antequam
437 520 548 605 petat.
601 508 693 607 Quae
716 528 797 581 cum
824 504 916 581 dicia
934 505 1002 579 fint
1024 507 1070 580 de
1094 509 1154 582 his·

87 611 166 703 qu'ae
201 611 406 681 orationem
439 607 534 701 apud
565 604 781 680 Matthaeum
815 605 1045 701 praeceduntz
1077 608 1153 701 jam·

88 732 167 804 quae
181 703 256 801 *ipsa
275 707 502 780 declarantur
522 708 691 780 oratione
711 704 988 781 confideremus.

163 831 220 884 22.
251 811 345 878 Pater
369 806 469 903 noster
494 811 551 903 qui
577 832 610 877 es
635 808 784 876 ineatis.
815 817 818 834 '
838 802 1042 881 observatu
1073 805 1147 903 dig-

87 930 174 981 num
193 905 294 979 estin
311 907 508 996 veteri,'ut
523 918 682 999 vocant,
709 902 924 979 testamento
942 906 1151 980 inveniatur

87 1029 136 1080 ne
158 1006 304 1097 alicujus
331 1007 449 1077 oratio
473 1007 534 1096 qui
557 1004 679 1079 Deum
703 1019 841 1098 patrem
862 1006 1039 1098 appellet:
1064 1024 1149 1081 nam

87 1127 158 1181 nos
175 1105 317 1196 quidem
339 1124 437 1176 nunc
453 1108 621 1197 cumpro
638 1105 774 1178 mribus
796 1101 1150 1200 investigaverimus,
1185 1170 1187 1175 ,

87 1225 166 1278 non
193 1204 411 1279 invenimus.
477 1201 600 1296 Atque
627 1205 715 1276 illud
743 1223 822 1277 non
848 1204 997 1277 dicimus
1026 1202 1151 1279 Deum

88 1318 227 1397 patrem
245 1324 323 1375 non
344 1303 497 1383 vocari,
530 1315 592 1375 aut
613 1323 678 1376 eoa
699 1305 759 1395 qui
776 1301 959 1376 credidisse
980 1302 1065 1376 Deo
1084 1325 1151 1398 pu·

89 1417 233 1494 tantur,
269 1398 365 1474 filios
384 1400 456 1474 Dei
478 1422 555 1476 non
581 1400 903 1488 eiienominatos,
929 1401 1049 1476 sedin
1073 1424 1152 1477 ora·

87 1500 424 1594 tionepraedicataim
434 1499 750 1576 illamaservatore
760 1498 1018 1578 confidentiam
1028 1500 1150 1576 Deum

87 1615 227 1699 patrem
247 1601 487 1695 nominandi,
518 1605 683 1695 nuspiam
703 1622 772 1674 nos
793 1599 981 1677 invenisse.
1032 1600 1150 1675 Porro

87 1702 209 1774 Deum
230 1713 368 1793 patrem
388 1700 543 1794 vocari,
569 1720 708 1792 eosque
728 1697 825 1773 filio's
850 1701 910 1792 qui
929 1700 972 1774 ad
996 1701 1150 1776 verbum

88 1798 162 1872 Dei
173 1797 407 1889 accendunt,
420 1801 541 1873 multis
557 1801 595 1871 in
608 1799 699 1872 locis
716 1798 842 1871 videre
859 1797 924 1893 est,
939 1812 982 1873 ut
999 1800 1037 1872 in
1051 1799 1152 1873 Deu-

86 1898 319 1970 teronomio:
352 1895 459 1971 Deum
483 1903 540 1997 qui
563 1914 594 1969 te
621 1903 732 1991 genuit
755 1897 945 1997 dereliquisti
970 1899 1009 1974 (7
1035 1901 1170 1972 oblitus*

88 2023 120 2068 es
137 2001 201 2069 Dei
215 2001 394 2067 nutrientis
420 2012 462 2076 te.
512 1995 562 2070 Et
586 1999 735 2073 iterum:
760 2001 883 2070 Nonne
907 1999 960 2069 hic
983 2004 1044 2095 ipse
1055 2018 1152 2096 poter

88 2114 164 2170 tuus
186 2096 312 2194 pofledit
328 2113 377 2184 te,
403 2093 443 2173 ὁ
460 2094 617 2189 fecitte,
643 2094 682 2174 d
706 2104 829 2189 creauit
853 2091 906 2170 te?
931 2098 981 2174 Et
999 2101 1154 2175 iterum?

94 2200 176 2270 mua·
199 2195 312 2294 quibus
335 2221 400 2267 uon
425 2196 465 2295 ιβ
480 2199 563 2288 fides
589 2202 627 2268 in
651 2202 709 2295 eis,
764 2194 814 2270 Et
838 2199 876 2270 in
901 2197 1012 2273 Isaia:
1050 2202 1178 2272 iiiios»
1215 2238 1217 2247 ·

85 2301 181 2392 genui
204 2294 244 2372 (5
260 2295 421 2367 exaltavi:
448 2297 503 2392 ipfi
526 2314 631 2370 aurem
650 2296 905 2395 spreveruntmc.
956 2296 1006 2371 Et
1015 2299 1151 2383 inMa·

86 2397 226 2473 lachin:
262 2397 368 2467 Filiae
386 2398 573 2491 glorificabit
594 2413 738 2492 patrem,
774 2395 812 2473 (i
827 2398 944 2488 servus
971 2402 1149 2471 Dominum

80 2497 188 2589 suum.
244 2498 313 2585 Ei,
330 2497 360 2594 β
376 2516 469 2595 pater
483 2523 532 2593 ego
546 2498 638 2588 sum3
662 2497 714 2568 ubi
729 2497 770 2597 ιβ
789 2498 893 2591 gloria
912 2496 1011 2571 mea?
1033 2501 1102 2588 Ea,
1118 2500 1152 2599 fi

91 2602 254 2670 Dominus
279 2596 349 2685 sum
373 2622 422 2692 ego
435 2646 447 2686 ,
479 2599 532 2668 ubi
556 2597 597 2695 ιβ
618 2602 715 2670 timor
738 2592 854 2668 meus?
878 2598 1055 2695 Quamvis
1088 2610 1155 2672 aui

89 2709 165 2769 tem
187 2710 291 2790 pater
313 2697 451 2769 dicatur
474 2695 605 2788 Deus,
640 2699 737 2790 iique
756 2693 821 2769 filii
844 2700 904 2789 qui
924 2700 1041 2771 verbo
1065 2695 1156 2773 fidei·

92 2815 163 2886 qua
179 2797 216 2867 in
232 2793 342 2889 ipsum
362 2796 519 2868 creditur
533 2797 645 2892 geniti
661 2793 768 2888 sunt,'
786 2791 888 2869 firma
906 2807 1026 2873 tamen
1042 2795 1152 2870 &sta-

90 2895 172 2968 bilis
195 2893 288 2986 apud
311 2891 629 2986 antiquos'filiatio
652 2914 729 2967 non
750 2895 938 2989 reperitur.
995 2894 1071 2989 ipsa
1089 2897 1152 2992 igi·

91 3007 150 3066 tur
169 2995 252 3066 loca
271 3013 348 3082 quae
363 2991 511 3067 adduiia
525 2991 626 3085 sunt,
651 2991 812 3066 subditos
830 2991 1025 3066 ostendunt
1048 2993 1153 3070 fuiiie

92 3095 152 3184 qui
173 3092 384 3165 dicebantur
406 3089 495 3166 iiiii:
521 3090 811 3186 quandoquidem
828 3091 1021 3167 secundum
1047 3092 1156 3187 'Apos

89 3191 221 3268 stolum
244 3210 364 3290 quanto
388 3207 520 3289 tempore
546 3194 643 3264 dares
660 3193 820 3287 parvulus
839 3193 902 3290 ιβ,
926 3192 1018 3262 nihii
1039 3194 1153 3285 differt

91 3320 113 3365 a
127 3297 248 3388 servo,
274 3316 341 3361 cum
358 3291 401 3386 fit
422 3296 581 3364 Dominus
599 3298 762 3364 omnium:
782 3293 836 3382 sed
857 3293 913 3381 sub
934 3293 1090 3364 tutoribus
1109 3291 1156 3370 U

91 3393 245 3466 auorum
266 3393 305 3488 ιβ
321 3417 415 3490 unque
429 3389 468 3463 ud
480 3396 674 3489 prafinitum
693 3409 811 3488 tempus
829 3418 850 3462 o
862 3408 978 3489 patre3
995 3393 1156 3486 plemma

92 3493 142 3564 do
175 3505 293 3565 autem
323 3494 497 3586 temporis
526 3491 643 3566 estin
673 3492 834 3565 adventu
858 3490 1010 3565 Domini
1037 3489 1155 3569 nostri·

91 3590 173 3688 Jesu
190 3589 339 3684 Christi,
366 3612 447 3665 cum
469 3593 705 3686 adoptionem
726 3590 910 3683 accipiunt
926 3592 986 3683 qui
1001 3591 1156 3684 voiuntg'

91 3704 135 3763 ut
155 3688 283 3762 Paulus
305 3692 417 3765 docet
444 3692 500 3763 hic
526 3694 665 3765 verbis:
690 3692 771 3762 Non
785 3694 869 3760 mim
885 3690 1152 3788 accepistisspiri·

92 3809 163 3871 tum
176 3790 351 3887 servitutis
367 3797 408 3868 in
420 3797 552 3893 tinore,
570 3792 625 3890 [d
637 3791 790 3892 accepissis
804 3790 957 3893 spiritam
971 3792 1153 3977 wiggonem

240 3930 245 3939 .
1063 3912 1116 3961 u·
