2498 4254
272 173 373 249 nn
422 142 951 265 muniturum
1076 175 1149 272 ⁶39

70 341 181 416 nbat
217 337 327 411 etiam
351 339 390 408 in
420 334 507 407 Deo
542 354 609 406 cor
642 334 718 425 ejup
749 331 845 406 sacra
878 329 1040 406 dodlrina
1074 336 1151 428 ple·

71 462 188 530 num,
216 458 298 511 cum
323 437 457 508 beilum
484 431 651 505 adversus
677 454 760 507 eum
785 430 994 528 insurgeret.
1048 434 1150 528 Ejus·

75 541 164 615 dem
190 539 298 635 igitur
323 554 401 607 non
427 530 480 606 est
503 533 628 605 timide
654 533 796 605 dicere:
824 536 937 616 Pater,
956 533 988 629 fi
1008 534 1150 628 poffibilr

72 640 138 737 esi,
165 638 310 719 transeat
334 661 353 705 a
378 644 425 704 nie
448 630 536 705 calix
552 632 622 729 ifle,
650 630 854 704 &sortiter
877 637 1148 724 pronunciare:
1209 680 1219 711 l

73 742 122 811 Si
138 736 303 832 confilium
322 728 488 824 adversum
509 754 558 801 me
582 733 700 826 cabira,
726 757 792 802 non
819 735 943 802 timebit
959 734 1011 801 cor
1037 759 1148 810 meum.
1191 800 1193 805 ,

74 837 143 913 Ne
169 835 253 928 quid
287 835 393 929 igitur
425 853 495 906 nos
519 831 632 905 lateat
661 831 872 922 hocloco,
900 831 1149 910 demonstrati·

81 956 171 1010 vum
198 936 317 1006 calicis
344 952 550 1028 pronomen
584 929 682 1022 quod
715 951 736 1002 a
760 933 874 1002 tribus
908 932 1148 1027 Evangelistis

82 1033 281 1128 expressum
309 1032 383 1120 est,
417 1032 638 1106 observabis.
689 1029 869 1103 Mathaeus
891 1033 988 1107 enim
1013 1031 1175 1129 scripsit.

83 1134 267 1208 dicentem
292 1132 517 1206 Dominum:
547 1134 642 1201 Pater
667 1136 733 1220 mi,
761 1129 787 1225 fi
807 1127 950 1225 prffibr'le
970 1131 1028 1228 efl,
1055 1152 1150 1229 tran·-

73 1236 186 1326 fieta
211 1259 257 1302 me
273 1236 357 1303 casrx
375 1234 449 1315 ilie:
475 1232 594 1304 Lucas
614 1250 721 1302 vero:
754 1235 867 1315 Potor,
885 1231 917 1328 fi
937 1236 1010 1324 oss,
1037 1249 1150 1305 dromi

74 1334 134 1429 fer
157 1335 277 1403 calicem
305 1333 395 1431 isium
418 1356 439 1401 a
463 1353 529 1399 ore:
563 1329 712 1401 Marcus
738 1340 878 1402 autem:
912 1331 1001 1403 Abba
1028 1336 1148 1429 Pater,

82 1439 190 1505 omnia
217 1434 276 1503 ribi
304 1429 460 1527 pofflbilr'o
476 1431 579 1519 sutri:
614 1427 763 1519 transfer
786 1434 906 1500 casdem
931 1435 1019 1502 bunc
1042 1463 1062 1503 a
1088 1461 1147 1509 mr.

82 1532 183 1606 Vide
209 1532 341 1628 igitur,
369 1552 414 1604 an
435 1548 517 1602 cum
544 1547 654 1603 omne
678 1530 888 1619 martyrium
915 1546 1073 1605 vocetur
1104 1537 1150 1612 ab

80 1632 148 1706 illo
179 1633 412 1723 martyrium,
456 1647 684 1720 quacumque
716 1649 762 1701 ex
792 1626 893 1701 causa
920 1630 1007 1703 hinc
1039 1633 1152 1708 disce·
1190 1648 1193 1653 ·

81 1730 207 1822 deret,
242 1733 364 1804 dicere
392 1727 519 1823 possis,
552 1746 632 1799 non
656 1746 769 1823 genus
801 1731 961 1820 martyrii
985 1752 1067 1805 eum
1093 1754 1150 1808 re.

81 1828 214 1903 cusasse
240 1849 323 1902 cum
356 1829 514 1901 diceret:
551 1819 745 1916 ‘l‘ranseara
769 1829 923 1898 metelle
949 1830 1022 1926 ifle,
1049 1832 1151 1908 dixis.

82 1925 139 2001 set
154 1931 263 2020 enim,
280 1927 436 2000 transeat
453 1947 473 1998 a
492 1946 551 1999 me
569 1924 684 2023 calix)
695 1924 753 1999 sed
769 1925 868 1999 sorte
883 1925 1040 2021 speciem
1054 1934 1152 2010 illam

80 2025 260 2122 refugisse.
319 2024 370 2099 Et
404 2024 553 2097 attende
587 2044 632 2098 an
672 2026 742 2098 dici
780 2024 885 2119 pollit
922 2030 1152 2109 salvatorem

84 2128 227 2214 varias,
252 2140 294 2199 ut
311 2128 362 2198 ita
381 2128 519 2217 dicam,
546 2126 696 2198 calicum
712 2124 964 2220 inspicientem
991 2127 1151 2229 species,
1218 2128 1231 2145 “

85 2227 121 2299 dr
159 2247 238 2317 quae
272 2247 318 2299 ex
352 2244 608 2316 unoquoque
642 2222 906 2318 sequerentur,
950 2248 1153 2322 eorumque

83 2323 307 2400 differentias
323 2323 486 2397 altissima
508 2324 660 2414 quadarn
684 2323 855 2416 sapientia
880 2325 1155 2420 deprehenden-

84 2436 185 2518 tem,
212 2428 306 2499 hanc
325 2444 390 2518 per
412 2425 619 2513 martyrium
643 2424 759 2495 exitus
779 2422 933 2515 speciem
959 2428 1151 2521 recusasse,

84 2524 120 2599 ἃ
140 2527 242 2598 aliam
261 2521 407 2597 fortasse
426 2524 631 2617 graviorem
651 2525 761 2595 tacite
785 2523 996 2617 postulasse,
1024 2541 1067 2600 ut
1086 2550 1153 2623 per

86 2626 194 2697 olium
220 2626 368 2697 calicem
386 2621 621 2694 universalius
642 2623 844 2713 aliquod&
868 2623 912 2696 nd
932 2627 1052 2718 plures
1071 2650 1166 2721 per,¹

84 2725 229 2818 tingens
249 2718 467 2794 beneficium
491 2718 697 2812 perficeret.
748 2723 862 2817 Quod
881 2737 924 2794 ut
947 2721 1053 2797 fieret
1072 2746 1154 2803 non

86 2820 171 2896 dum
203 2820 432 2892 concedebat
456 2818 651 2919 sapientior
670 2822 865 2917 voluntate
893 2819 958 2895 filii
978 2827 1154 2901 voluntas

85 2923 227 3017 patris,
261 2920 364 2991 aliter
396 2937 437 2988 ac
470 2918 621 2990 videbat
649 2915 844 3013 Salvator,
875 2921 992 2995 via&
1022 2925 1153 3001 ordino

84 3040 144 3093 res
165 3016 447 3093 administrantis.
500 3015 640 3110 Aperte
662 3032 783 3095 autem
804 3022 843 3092 in
866 3019 1005 3114 psalmis
1032 3025 1154 3098 Salva*

71 3121 179 3201 'toris
204 3119 297 3190 calix
324 3131 521 3208 martyrum
542 3136 640 3191 mors
667 3115 730 3192 est.
782 3120 982 3214 Quare-his
1007 3127 1153 3219 verbis,

84 3222 210 3293 calicem
229 3217 387 3305 sersurorr's
412 3222 581 3313 accipiam,
616 3221 656 3293 ὅ
679 3242 792 3288 nomen
818 3225 955 3293 Domini
976 3225 1155 3314 invocabo,

84 3318 287 3397 filbduntut
305 3315 386 3390 ista:
412 3315 564 3405 Pretiosa
581 3319 620 3386 r'rr
641 3316 800 3413 conspefsrt
832 3324 963 3391 Domini
983 3347 1064 3393 mors
1079 3321 1157 3416 fian.

85 3420 210 3493 olorum
226 3422 303 3514 ejus.
357 3414 516 3491 Pretiosa
532 3416 640 3513 igitur
664 3418 772 3492 nobis
796 3419 946 3494 advenit
967 3443 1085 3516 mors,
1112 3432 1157 3497 ut

85 3515 211 3594 fandis
239 3515 337 3608 Dei,
362 3536 433 3588 nec
450 3518 516 3589 illo
540 3516 715 3611 indignis,
742 3537 824 3591 cum
846 3540 924 3592 non
947 3515 1155 3615 communi,

86 3632 130 3691 ut
144 3620 193 3689 ita
209 3616 344 3707 dicam,
371 3615 558 3709 &pietate
577 3636 692 3688 vacua
708 3632 850 3712 morte,
876 3617 936 3691 sed
954 3624 1082 3695 eximia
1094 3623 1157 3695 illa

86 3709 412 3810 defungimusquae
434 3722 587 3813 propter
602 3715 828 3797 clrdlianem
847 3719 1062 3816 religionem
1082 3722 1159 3816 pio,

86 3826 273 3912 tntemque
295 3813 459 3894 insertur.
732 3872 735 3878 ·
1095 3820 1103 3831 ‘

810 3900 813 3905 ’
901 3914 1123 4019 ‘te-uim·
