2498 4254
223 108 964 265 ·1osona'r''1ons.··
1075 170 1146 247 501

86 323 131 388 ut
145 314 204 388 ita·
214 312 351 409 dicam,
388 317 579 408 pauciores
595 319 718 411 paucis
741 317 822 390 sunt
842 317 903 408 qui
923 310 1054 410 poliint
1071 313 1149 406 eiua

85 416 127 487 in
158 417 325 488 omnibus
359 418 620 510 proprietatem
661 415 994 515 comprehendere)
1017 417 1162 489 merito.
1243 459 1247 465 -

80 513 264 587 docemur
283 515 355 588 Dei
376 518 570 589 notionem
590 518 627 589 in
648 520 755 591 nobis
776 516 891 590 sanam
912 513 987 590 elis
1003 513 1149 589 invide·

85 614 198 687 rimus
216 617 476 709 proprietatem
502 614 596 689 illius
622 614 1074 710 creantis‚,providentis,
1095 616 1151 707 ju·

87 712 270 805 dicantis,
303 716 498 808 eligentis,
530 715 839 809 derelinquentis,
875 713 1189 807 amplectentis,=.

85 814 302 906 rejicienda,
326 816 471 908 praemia
487 818 720 888 retribuentis
740 828 802 889 aut
816 835 938 910 poenas
954 815 1151 905 unicuique

86 915 323 1004 promeritis.
374 914 417 987 ln
430 914 485 989 his
504 916 600 988 enim
614 915 648 986 n
664 914 833 989 fimilibus
851 912 1082 1008 exprimitur,
1106 923 1149 987 ut

86 1013 138 1084 ita
155 1010 289 1104 dicam,
315 1015 461 1106 propria
472 1013 545 1087 Dei
555 1016 706 1106 qualitas
722 1035 828 1106 quam
837 1015 910 1087 Dei
920 1033 1057 1087 nomen
1066 1015 1149 1103 iux·

87 1122 126 1184 ta
142 1109 331 1205 scripturas
348 1113 418 1185 dici
435 1126 552 1206 puto:
578 1116 616 1187 in
631 1110 766 1209 Exodo
784 1114 947 1207 quidem:
973 1115 1052 1185 Non
1069 1110 1153 1205 affin

86 1236 150 1283 mer
170 1235 282 1283 minen
306 1216 441 1283 Domini
466 1217 531 1284 Dei
548 1230 602 1284 tur
624 1220 662 1285 in
683 1237 823 1284 vanum:
849 1214 887 1287 in
914 1212 1149 1287 Deuterono-

86 1313 163 1388 mio
190 1323 328 1387 autem:
363 1311 592 1409 &spatiatum
625 1329 663 1384 ut
683 1316 819 1410 pluvia,
851 1315 1005 1413 eloquium
1030 1335 1148 1387 meum:

87 1412 273 1498 descendant
286 1412 370 1509 ficut
392 1438 442 1484 ror
454 1415 553 1485 naria
567 1437 653 1488 meas
679 1430 833 1514 tanquam
853 1416 951 1485 imber
963 1414 1056 1509 stapes
1075 1414 1148 1486 lur-

88 1512 175 1600 bam,
200 1511 240 1588 (Ἰ
258 1529 412 1611 tanquam
419 1515 508 1610 fiilio
514 1516 608 1610 super
620 1539 779 1609 gramana
794 1519 943 1612 quoniam
954 1538 1067 1587 nomm
1082 1518 1150 1586 Do-
1181 1586 1184 1591 .

85 1617 172 1684 mini
187 1616 322 1684 vacavi:
347 1615 385 1688 in
407 1611 549 1688 Psalmis
570 1633 685 1690 vero:
711 1620 868 1688 Memorat
886 1633 986 1687 erunt
1009 1618 1148 1685 nominis

86 1716 139 1784 tui
155 1717 293 1784 inomni
309 1714 563 1807 generatione&
581 1721 793 1809 generatione.
846 1713 942 1788 Nam
960 1715 995 1787 ἀ
1011 1716 1072 1786 ille
1087 1714 1149 1804 qui
1244 1738 1247 1743 ·

84 1810 406 1907 Deiconceptum
420 1813 462 1886 iis
479 1825 578 1907 aptat
596 1814 724 1904 qulbus
748 1834 825 1888 non
840 1816 1038 1904 convenit,
1064 1812 1150 1887 aliu·

75 1904 155 1985 *mit
182 1930 319 1985 nomen
343 1911 495 1987 Domini
520 1911 595 1985 Dei
618 1913 658 1984 in
684 1932 830 1989 vanum.
882 1914 958 2008 Qui
987 1932 1079 1985 vero
1105 1933 1149 1988 ea

87 2011 212 2101 eloqui
229 2008 370 2103 potest,
392 2032 472 2103 quae
483 2031 554 2084 ceu
570 2013 693 2105 pluvia
711 2011 936 2109 auditoribus
956 2012 1149 2097 :td-anima·

85 2130 165 2183 rum
190 2108 413 2184 fertilitatem
438 2110 676 2205 conducant,
708 2110 1012 2195 &consolatoria
1037 2112 1149 2186 verba

85 2210 180 2281 roris
204 2207 312 2282 instar
338 2209 530 2303 admovet,
555 2232 598 2284 ac
622 2209 791 2285 soliditati
814 2208 1062 2285 edificationis
1080 2208 1149 2285 ser-

86 2328 238 2381 monum
265 2311 414 2383 imbrem
444 2309 668 2384 auditoribus
695 2309 936 2403 utillimum,
968 2308 1149 2401 stillasque

86 2405 333 2483 efficacilirmas
353 2408 535 2503 infundit,
560 2431 626 2504 per
648 2411 736 2485 illud
759 2430 896 2485 nomen
915 2412 994 2484 haec
1016 2408 1148 2504 potest.

85 2507 176 2580 Haec
193 2509 256 2580 ille
270 2523 463 2602 reputans,
490 2510 577 2582 Deo
599 2510 633 2583 se
654 2508 791 2583 scilicet
808 2511 968 2606 indigere
988 2511 1048 2599 aui
1068 2530 1152 2605 per·
1236 2564 1239 2569 .

85 2603 208 2696 ficiat,
244 2610 338 2681 illius
367 2610 537 2683 auxilium
561 2608 714 2698 invocat
742 2632 762 2683 a
794 2630 868 2700 quo
898 2608 1063 2703 praedliia
1085 2610 1159 2688 illa¹

87 2707 210 2778 omnia
234 2719 403 2798 tanquam
428 2728 447 2781 a
469 2707 576 2781 fonte
597 2722 754 2785 manant.
807 2708 923 2781 Porro
949 2711 1068 2782 omnis
1088 2709 1152 2800 qui
1221 2728 1225 2736 “

86 2825 144 2876 res
157 2803 296 2879 divinas
310 2807 467 2898 penitius
481 2807 894 2903 intelligit,recordatur
907 2812 1030 2900 potius
1043 2828 1150 2907 qupm

87 2902 209 2997 discit,
234 2904 322 2976 licet
339 2906 384 2976 ab
406 2906 528 2997 aliquo
548 2906 732 2999 religionis
754 2896 918 2999 mysteria
945 2907 1068 2980 doceri
1095 2906 1150 2980 vi·

86 3002 232 3091 dentur,
260 3017 321 3074 aut
335 3002 408 3097 ipse
426 3005 592 3077 invenire
607 3002 642 3076 se
664 3016 781 3098 putet.
809 3006 908 3078 Sicut
931 3019 1052 3079 antem
1068 3026 1148 3097 quae

85 3103 146 3176 hic
165 3100 255 3174 dista
282 3102 363 3177 sunt
390 3116 540 3197 oportet
562 3117 727 3179 orantem
747 3104 994 3195 confidente,
1020 3118 1148 3198 petere

86 3201 123 3276 se
138 3214 180 3273 ut
196 3198 435 3275 santiificetur
448 3223 586 3276 nomen
600 3202 700 3289 Deir
726 3203 773 3277 stc
787 3204 875 3277 illud
887 3206 925 3277 in
943 3204 1082 3299 psalmis
1097 3206 1148 3279 di·
1229 3264 1230 3267 a

89 3304 203 3374 citur:
233 3303 420 3373 Exaltemus
436 3326 550 3375 nomen
564 3307 631 3400 ejus
651 3310 689 3373 in
706 3305 852 3397 idipsum:
875 3306 1027 3396 jubente
1045 3317 1148 3396 patre

87 3414 130 3472 ut
144 3399 276 3475 summa
291 3423 373 3476 cum
388 3401 587 3483 concordia
598 3455 617 3500 ‚⁴
634 3404 760 3479 cadem
779 3417 922 3496 mente,
950 3403 1148 3496 eademque

88 3498 267 3572 sententia
289 3503 332 3574 ad
354 3500 530 3573 veram&
554 3500 739 3577 sublimem
759 3501 889 3576 divinae
913 3504 1147 3598 proprietatis

89 3602 284 3672 notionem
305 3606 570 3694 perveniamus.
622 3602 708 3675 Hoc
727 3601 821 3674 enim
841 3601 891 3677 est
910 3603 1065 3676 exaltare
1082 3620 1149 3677 no·

77 3716 175 3773 ,men
196 3698 268 3772 Dei
285 3699 509 3794 inidipsum,
534 3702 679 3791 quando
701 3702 807 3792 isqui
828 3703 1026 3777 divinitatis
1049 3699 1152 3775 efflu-

89 3816 177 3875 xum
190 3801 425 3896 prticipant
439 3818 488 3875 eo
507 3804 607 3893 quod
622 3800 939 3898 susceptuaaDeo
953 3803 1015 3973 ίζι,
1042 3799 1159 3881 holds

135 3936 143 3945 ·
193 3922 270 3983 larse,
755 3956 783 3966 ι.
985 3919 1114 3989 WQQ

71 3932 241 3999 .ἱῖ’
