2498 4254
261 125 338 206 on
386 112 728 219 nmnclens,
778 61 879 203 nn.
904 124 965 203 n1.
1047 117 1142 227 :539

85 296 171 367 eicie
184 294 370 387 figmentum
391 294 420 361 ei
434 296 491 387 qui
504 290 539 378 se
556 290 690 379 finxit,
712 287 789 385 quid
808 312 855 357 me
866 285 1048 386 fecistifiei
1071 294 1143 365 Ant

89 420 158 465 mom
170 393 263 465 habet
276 390 575 487 potejiotemfiguius
586 389 703 458 lueiex
717 390 816 465 eodem
831 385 923 481 maffii
931 388 1039 481 faeere
1054 393 1144 464 aliud

87 496 215 669 gadem
247 518 305 563 vos
333 516 369 559 m
394 493 559 573 h··.nnem,
584 488 674 558 aliud
697 505 801 560 autem
834 495 872 559 im
897 488 1144 565 contumeliam?

128 597 203 667 icet
216 589 518 681 fortaffeaiiquis:
543 588 633 661 ficut
642 585 768 683 figulus
783 608 829 662 ex
842 589 966 662 eadem
980 588 1144 667 maffafe.

90 694 143 769 cit
159 693 225 765 alia
242 691 382 783 quidem
397 689 478 761 vasa
494 690 537 760 ad
553 687 753 781 honorem,
778 688 844 760 alia
860 702 977 765 autem
992 690 1036 763 od
1055 712 1143 765 con·

79 796 296 883 -nnneliam,
328 793 378 862 itn
398 788 499 861 Deus
522 790 609 860 aiios
630 787 672 859 ad
693 788 960 882 perditionem,
987 790 1076 885 alios
1098 791 1144 877 ed

86 893 236 967 salutem
252 890 367 978 facit3
396 911 471 961 non
491 887 541 961 est
560 908 647 981 ergo
668 884 706 959 in
721 888 826 960 nobis
849 890 909 961 vel
923 886 1044 961 salvos
1064 887 1145 965 fieri

87 993 152 1063 vel
166 992 303 1084 perire:
329 1008 392 1082 per
404 989 504 1079 quod
519 1008 593 1059 non
610 988 773 1061 videmur
789 986 898 1061 nostri
914 988 982 1062 effe
996 990 1143 1066 arbitrii.

86 1090 392 1184 Respondendum
403 1088 454 1161 est
469 1109 556 1182 ergo
570 1088 624 1159 his
642 1088 700 1177 qui
716 1088 791 1170 haee
802 1089 852 1159 ita
871 1089 1093 1184 intelligunt:
1117 1089 1145 1165 sn

87 1191 211 1285 potest
228 1187 304 1261 fien'
320 1204 362 1259 ut
377 1187 481 1280 possit
497 1186 696 1279 Apostolus
711 1187 775 1259 fibi
791 1188 852 1280 ipfi
867 1190 1046 1261 contran‘a
1059 1210 1145 1283 pro·

86 1288 222 1381 loqui?
257 1288 369 1387 Quod
388 1288 412 1359 s1
428 1289 502 1359 hoc
519 1284 639 1359 sentiri
654 1308 730 1361 non
744 1287 863 1379 potest
879 1288 923 1361 de
937 1288 1143 1382 Apost010‚

88 1389 278 1482 quomodo
297 1387 478 1459 videbitur
494 1385 686 1461 secundum
705 1386 791 1459 istos
807 1386 897 1479 juste
921 1390 1064 1481 culpare
1078 1410 1145 1463 eos

88 1490 151 1582 qui
166 1492 203 1560 in
225 1487 406 1560 Corintho
428 1485 596 1558 fornicati
620 1483 725 1578 sunt,
752 1489 815 1560 vel
836 1508 900 1561 eos
916 1489 977 1579 qui
990 1488 1146 1581 delique·

84 1604 174 1661 runt
186 1588 474 1680 &poenitentiam
489 1608 565 1657 non
580 1602 730 1680 egerunt
739 1588 782 1657 ab
794 1587 1012 1680 impudicitia
1024 1588 1060 1661 &
1070 1588 1147 1663 for·

84 1688 272 1760 nicatione
293 1689 327 1758 &
344 1686 566 1758 immunditia
585 1707 689 1775 quam
703 1684 909 1781 gesserunt?
943 1690 1145 1788 Quomodo

86 1789 195 1860 etiam
220 1785 400 1858 collaudat
419 1806 483 1858 eos
510 1786 570 1875 qui
590 1784 684 1857 reste
703 1800 882 1879 egerunt,
916 1787 1005 1881 ficut
1023 1786 1147 1861 onen-

86 1887 197 1983 phori
214 1886 380 1978 domum,
409 1885 529 1975 dicens
545 1907 560 1955 t·
590 1889 657 1955 Det
675 1906 780 1954 autem
799 1892 958 1956 Dominus
976 1890 1147 1976 misericor-

86 1989 175 2057 diam
199 1986 379 2082 Onessplmri
400 1988 505 2056 domui
517 2036 527 2069 ,
551 1990 627 2083 quia
642 1984 833 2081 frequenter
854 2010 902 2055 me
918 1986 1148 2083 refrigeravit,

86 2086 128 2163 (5
142 2104 282 2159 catenam
300 2111 397 2157 meam
418 2110 484 2157 non
508 2088 653 2171 erubuit,
679 2086 727 2171 [ed
747 2110 817 2157 cum
841 2089 970 2157 Romam
991 2086 1146 2181 venisset,

79 2188 207 2278 solicite
221 2189 382 2283 requifivit
399 2210 463 2275 me,
484 2184 526 2260 (5
537 2191 681 2261 invenie.
736 2192 805 2257 Det
818 2188 866 2256 illi
878 2192 1041 2259 Dominus
1053 2196 1148 2261 imve-

86 2294 161 2357 m're
178 2288 417 2375 mesericordiam
435 2289 517 2381 apud
538 2293 707 2357 Dominum
724 2290 759 2355 in
775 2290 824 2356 im
841 2289 898 2358 die.
950 2287 1040 2362 Non
1057 2308 1146 2385 ergo

88 2386 142 2461 est
158 2385 362 2477 apostolicae
380 2386 565 2481 gravitatis
585 2388 728 2479 culpare
744 2386 895 2479 quidem.
906 2410 986 2461 eum
1001 2389 1059 2480 qui
1075 2391 1147 2461 cul·
1196 2430 1199 2435 ‚

86 2486 285 2600 po'dignus
310 2485 383 2579 est,
416 2486 552 2581 idest,
581 2487 640 2577 qui
658 2488 856 2580 peccavit,
884 2486 918 2559 &
944 2489 1148 2565 collaudare

122 2606 125 2611 ·
566 2626 569 2631 ·
842 2614 845 2619 ·
1016 2608 1121 2663 eum·-

308 2746 740 2853 Inennenenmo'
776 2768 925 2825 novo.

87 2892 178 2988 Quo
198 2885 304 2981 paeio
329 2889 494 2963 etiamiis
509 2889 736 2982 quos·laudat
760 2888 854 2982 quafi
874 2888 970 2962 reste
987 2888 1147 2987 egerint,

88 2988 307 3080 Onesiphori
329 2992 434 3061 verbi
451 2990 562 3084 gratie
577 2988 704 3074 ⁸domui
722 2988 904 3062 benedicit
927 2989 981 3061 his
1004 2989 1148 3063 verbis:

88 3094 162 3161 Det
178 3091 415 3177 misericordiam
439 3091 597 3160 Dominus
619 3089 802 3184 Onefiphori
824 3092 926 3159 domui
938 3115 950 3158 .·
981 3094 1057 3188 quia
1072 3092 1150 3188 saepe

86 3214 137 3261 me
153 3183 389 3283 refrigiravit,
415 3186 454 3263 (ὅ
464 3207 618 3261 ,carmem
635 3214 732 3259 mmm
751 3214 815 3261 mon
833 3190 981 3262 erubuit:
1008 3191 1063 3281 sed
1081 3205 1150 3261 cum

89 3294 224 3366 Romam
235 3287 387 3381 veniffet,
405 3290 531 3380 solicite
544 3314 589 3359 me
604 3290 798 3384 quafivit&
819 3296 961 3361 invenit.
1010 3294 1085 3363 Det
1100 3293 1149 3363 iii

89 3393 250 3461 Dominus
268 3397 420 3459 invenire
434 3392 700 3477 misericordiane
715 3395 853 3461 Domino
863 3396 902 3459 im
913 3390 1036 3469 iia-die.
1057 3390 1149 3465 Non

87 3488 199 3584 igitur
214 3488 373 3580 ejusdem
389 3488 440 3561 est
460 3488 627 3582 Apostoli
648 3512 728 3562 eum
746 3489 806 3582 qui
818 3488 1009 3585 peccavit,
1035 3502 1076 3563 ut
1093 3510 1149 3589 ne·

87 3586 327 3683 prehenfione
358 3588 529 3682 dignum,
561 3590 799 3682 vituperare,
837 3588 872 3661 δι
899 3610 980 3663 eum
1006 3590 1067 3683 qui
1093 3602 1149 3662 re·

88 3689 145 3762 eie
165 3688 277 3777 fecit,
304 3702 346 3760 ut
368 3687 471 3761 laude
491 3688 634 3785 dignum
665 3692 888 3780 approbare3
923 3708 964 3763 ac
990 3686 1147 3779 rursum,

88 3786 184 3882 quafi
211 3789 302 3864 nihil
325 3788 436 3887 sie-in
460 3786 804 3885 ammonente,
834 3790 958 3869 dicere
980 3789 1018 3868 in
1047 3784 1152 3958 εὲιίι

515 3915 520 3925 ·
1045 3909 1073 3960 e
1097 3906 1124 3957 e
