2498 4254
232 186 312 265 nr
359 134 725 286 rntncrrrrs,
774 188 880 299 aru
906 186 971 291 1114
1011 180 1015 193 ¹
1057 198 1126 317 ,²⁶³

60 361 243 455 geretur.
293 351 463 444 Denique
477 352 605 428 Paulus
617 374 694 427 non
710 352 799 428 dixit
810 352 916 451 npbis
934 351 1002 427 elle
1020 352 1127 431 lucta-

62 473 148 526 men
166 471 246 524 cum
266 453 508 547 principibus,
536 453 597 524 vel
616 474 696 526 cum
711 450 972 547 potestatibus,
995 451 1054 531 sed
1068 454 1126 529 ad.-

62 548 189 622 versus
216 552 434 647 principatus
462 551 498 627 δι’
520 550 727 648 potestates.
787 552 896 629 Unde
924 553 986 627 etfi
1009 552 1125 650 Jacob

60 649 214 723 Iudaeus
235 649 306 742 est,
338 651 411 725 fine
429 650 538 724 dubio
555 650 721 727 adversus
744 652 895 742 aliquam
910 653 1035 726 harum
1051 653 1126 750 uir-

59 762 182 822 tutum
202 750 352 823 ludlatus
380 750 453 843 est,
488 772 574 842 quas
593 752 748 823 humano
771 753 920 847 generi,
948 750 1124 831 &sannis

59 851 241 942 praecipue
276 848 475 941 adversari,
513 849 547 925 &
578 871 730 923 movere
766 850 958 929 certamina
994 850 1124 929 Paulus

61 947 243 1024 enunciat.
295 948 384 1022 Ideo
407 948 559 1042 denique
581 950 667 1022 dicit
688 949 732 1025 de
750 972 795 1025 eo
812 949 1008 1043 scriptura,
1043 951 1125 1042 quia

59 1045 202 1118 lunaruc
219 1049 258 1145 κβ
271 1072 339 1118 tum
359 1053 484 1143 angelo,
510 1051 550 1126 (9¹
564 1050 711 1121 invaluit
724 1052 763 1119 ad
782 1054 902 1121 Deum:
930 1063 972 1121 ut
983 1050 1026 1122 fit
1039 1043 1124 1149 ago·

59 1146 117 1220 nis
145 1147 287 1236 quidem
316 1161 496 1222 certamen
524 1150 638 1245 angeli
664 1148 845 1241 adjutorio
869 1148 1122 1243 sustentatum,

59 1244 291 1345 perfedlionis
303 1269 394 1320 vero
403 1251 518 1341 palma
533 1250 919 1343 vincentemperducat
934 1249 977 1321 ad
990 1248 1121 1327 Deum.

136 1347 170 1419 6.
196 1346 235 1419 N
237 1359 285 1419 ec·
300 1345 380 1421 sane
398 1348 637 1422 arbitrandum
658 1348 708 1423 est
724 1350 803 1440 quia
823 1348 1026 1441 hujusmodi
1048 1368 1123 1421 cer·
1164 1386 1169 1395 ·

59 1442 194 1517 tamine
221 1466 416 1538 corporum
436 1448 572 1522 robore
596 1446 848 1541 &palaestricae
873 1448 957 1519 artis
988 1447 1122 1521 exerci-

59 1543 121 1616 tiis
140 1558 377 1639 peragantur,
403 1543 462 1619 sed
480 1546 616 1640 spiritui
637 1545 802 1623 adversus
826 1544 983 1639 spiritum
1002 1568 1123 1643 pugna

59 1640 135 1737 est,
161 1644 315 1717 {imiliter
328 1659 369 1721 ut
386 1645 513 1719 Paulus
532 1647 687 1743 designat
703 1644 868 1719 adversus
884 1646 1120 1738 principatus,

60 1740 97 1813 dt
121 1742 338 1837 potestates,
366 1744 547 1819 &mundi
571 1747 674 1838 hujus
706 1744 864 1821 rectores
892 1748 1122 1823 tenebrarum
1166 1764 1170 1773 ·

57 1842 169 1914 nobis
200 1845 381 1917 imminere
417 1858 609 1929 certamen,
659 1843 735 1939 Ipsa
765 1864 857 1915 vero
888 1842 1121 1921 certaminum

29 2013 33 2021 ,
57 1938 194 2035 species
208 1943 258 2015 ita
273 1943 502 2038 intelligenda
518 1942 589 2035 est,
617 1965 698 2017 cum
710 1944 858 2039 damna,
887 1964 967 2019 cum
982 1941 1121 2039 per-icu-

57 2038 117 2132 la,
147 2063 228 2114 cum
260 2045 481 2136 opprobria,
508 2065 589 2139 cum
623 2043 888 2119 criminationes
906 2042 1121 2115 excitantur

58 2139 247 2215 adversum
268 2165 366 2235 nos,
400 2164 477 2219 non
494 2142 531 2215 id
553 2144 738 2238 agentibus
761 2140 913 2217 adversm
934 2139 1121 2233 potestati·

56 2238 128 2313 bus
143 2253 185 2313 ut
198 2241 274 2313 haec
289 2243 542 2317 tantummodo
555 2244 749 2337 patiamur,
774 2239 1045 2334 sedutperhaee
1058 2240 1120 2313 vel
1219 2326 1222 2337 Ι

57 2338 104 2411 ad
118 2338 205 2412 iram
221 2342 388 2433 multam,
415 2343 475 2415 vel
489 2342 532 2415 ad
547 2340 722 2417 tristitiam
735 2341 908 2435 nimiam,
924 2343 986 2417 vel
997 2339 1042 2413 ad
1061 2339 1119 2411 de-

56 2437 299 2531 sperationem
324 2441 483 2516 ultimam
505 2436 773 2536 prouocemus:
808 2440 871 2517 vel
895 2452 994 2513 certe
1020 2436 1120 2530 quod

58 2538 112 2611 est
129 2540 296 2633 gravius,
324 2542 498 2635 conqueri
516 2539 683 2616 adversus
696 2540 817 2617 Deum
834 2537 971 2635 fatigati
987 2536 1119 2620 &uui

57 2637 171 2713 tediis
191 2639 474 2735 compellamur,
506 2654 673 2733 tanquam
696 2640 886 2732 humanam
906 2638 1019 2711 vitam
1040 2657 1119 2711 non

57 2758 160 2828 aeque
177 2737 340 2830 justeque
361 2739 631 2816 moderantem:
662 2751 703 2811 ut
722 2760 787 2832 per
810 2738 883 2811 hoe
899 2732 1119 2819 infirmemur

54 2832 195 2929 infide,
221 2840 283 2910 vel
299 2837 499 2913 decidamus
515 2840 559 2915 ab
568 2837 649 2937 spe,
674 2840 737 2915 vel
752 2837 935 2915 transferri
950 2852 1118 2932 cogamur

57 2938 249 3011 averitate
272 2938 497 3033 dogmatum,
524 2938 718 3032 &impium
733 2937 863 3031 aliquid
882 2937 928 3011 de
941 2934 1027 3015 Deo
1044 2932 1118 3009 sen·

47 3026 128 3110 ¹tire
154 3036 440 3206 persuadeamur,
491 3035 595 3110 Talia
621 3058 774 3128 namque
801 3034 957 3128 quadam
989 3032 1118 3125 scripta

56 3130 140 3210 sunt
178 3157 198 3208 e
216 3135 308 3227 Job,
336 3158 416 3209 cum
432 3136 595 3213 diabolus
614 3136 687 3213 dari
702 3136 765 3213 srbi
781 3137 987 3209 facultatem
999 3135 1117 3215 bono-

55 3252 136 3309 rum
160 3235 235 3327 ejus
259 3233 475 3331 poposcillet
501 3259 522 3309 a
544 3236 641 3314 Deo.
691 3236 759 3309 Per
780 3235 877 3327 quod
899 3234 1005 3312 etiam
1030 3230 1118 3311 illud

58 3333 255 3409 edocemur
271 3352 290 3428 ,·
320 3334 417 3429 quod
440 3355 518 3411 non
537 3334 698 3413 fortuitis
718 3335 890 3431 aliquibus
909 3331 1120 3420 incurlioni·

57 3432 126 3509 bus
148 3433 414 3530 impugnemur,
444 3434 469 3507 sr
488 3435 629 3530 quando
645 3457 725 3509 nos·
738 3433 822 3507 talia
838 3433 952 3523 aliqua
969 3429 1117 3509 faculta-

56 3546 136 3609 tum
154 3532 278 3609 danna
288 3531 540 3628 percurrerint,
566 3556 684 3626 neque
699 3534 796 3628 quod
811 3532 966 3605 fortuito
976 3528 1116 3606 nostroe

57 3652 138 3708 rum
156 3632 279 3725 aliquis
297 3633 462 3725 captivus
486 3635 693 3727 abducitur,
719 3634 781 3706 uel
797 3632 987 3723 domorum
1005 3630 1116 3711 ruinae

58 3730 96 3807 in
120 3733 248 3823 quihus
270 3733 366 3805 chari
389 3734 518 3825 quique
541 3734 813 3829 opprimantur,
847 3731 1044 3811 eveniunt:
1076 3728 1116 3805 in

60 3832 190 3928 quibus
208 3833 372 3907 omnibus
401 3835 643 3933 unusquisque
666 3830 826 3914 fidelium
847 3830 971 3917 deese
988 3828 1135 3939 denen,

590 3934 624 4015 R
650 3960 678 4039 4
1009 3944 1105 4019 qm·

602 4192 606 4200 l
