2498 4254
327 106 929 283 procurrouu
1087 182 1166 273 4„

97 341 191 401 tuum
214 329 251 396 io
273 326 464 416 abscondite,
501 327 540 406 (Ἰ
558 347 654 426 poter
679 345 754 402 tuus
778 337 836 428 qui
860 335 951 405 vider
973 335 1012 406 r‘n
1037 336 1164 427 alpon-

91 429 184 525 dito,
210 429 317 497 reddet
342 429 410 500 tibi.
465 427 603 504 orooro
629 447 735 503 autem
763 434 866 506 nolite
890 435 1027 507 multum
1051 438 1163 535 loqui,

84 528 173 625 ficut
209 527 358 603 Elhnici.
421 530 546 601 Putant
584 535 668 601 mim
681 531 778 627 :quod
812 537 850 601 in
881 535 1080 635 multiloquio
1104 538 1164 628 suo

95 629 322 699 exaudiamur.
372 629 491 701 Num
514 655 581 721 ergo
598 627 770 722 offlmiiori
790 636 855 701 eis:
876 633 947 721 scit
961 640 1047 707 enim
1064 654 1165 737 poter

95 728 198 825 vester
227 728 304 825 quid
337 748 410 821 opus
426 728 474 823 fit
504 728 594 801 uobis
622 746 795 827 antequam
825 737 945 827 peloris
976 759 1056 807 eum.
1106 740 1164 809 Sir

96 852 166 922 ergo
200 852 258 898 ooo
291 829 440 899 orobitin:
495 828 653 903 Videtur
687 832 808 922 itaque
840 829 1004 905 servator
1038 833 1163 909 noster

45 973 48 980 -
94 928 218 1006 multis
243 930 281 1000 in
307 930 400 999 locis
420 928 542 1020 gloriae
565 930 800 1022 cupiditatem
820 943 862 1002 ut
886 932 1054 1007 morbum
1081 955 1162 1025 per-

89 1024 272 1101 niciosum
288 1024 510 1101 insaciatus:
543 1028 641 1120 quod
667 1026 703 1101 δι
728 1028 788 1101 hic
814 1027 922 1117 iecit,
958 1030 1161 1125 prohibens

88 1127 274 1199 orationis
301 1139 468 1216 tempore
493 1127 765 1220 hypocritarum
797 1126 888 1202 facia
912 1128 1045 1204 sellari
1097 1130 1162 1207 Est

96 1228 193 1298 enirn
219 1227 490 1319 hypocritarum
516 1228 702 1320 proprium
728 1227 821 1318 apud
856 1224 1023 1304 homines
1048 1231 1162 1325 pieta·

95 1326 144 1396 tis
171 1337 233 1396 aut
257 1324 479 1397 liberalitatis
507 1326 603 1407 velle
633 1325 784 1399 nomine
809 1328 964 1420 gloriari.
1014 1328 1162 1404 Memo-

42 1424 52 1437 '
96 1443 156 1495 res
182 1436 300 1496 autem
326 1423 431 1515 hujus
457 1419 661 1497 sententio:
686 1425 843 1518 Quomodo
863 1450 926 1496 oos
945 1429 1070 1526 potestis
1095 1455 1159 1503 ere·

96 1524 169 1596 dere
192 1527 249 1618 qui
277 1524 409 1616 gloriam
440 1522 479 1593 ob
514 1530 654 1594 invicem
676 1529 837 1619 accipitis,
871 1522 910 1601 ὅ
930 1529 1065 1621 gloriam
1090 1553 1161 1626 qua

94 1650 118 1695 a
136 1622 201 1713 fiale
229 1627 296 1695 Deo
321 1622 381 1721 est,
414 1647 481 1693 non
504 1618 676 1721 queritis?
706 1623 879 1696 debemus
904 1628 1053 1721 gloriam
1067 1649 1159 1703 'om-

93 1745 180 1799 nem
207 1722 250 1794 ab
276 1722 483 1795 bominibus
517 1718 743 1816 profectam,
781 1718 845 1795 etii
878 1726 929 1796 ob
965 1726 1158 1819 pulchrum

94 1821 227 1913 aliquid
254 1823 467 1915 contingere
493 1821 684 1912 videatur,
719 1834 977 1911 contemnere,
1011 1822 1045 1897 bt
1078 1846 1159 1904 eam

85 1941 255 2013 ‚quarere
283 1942 360 2011 quae
393 1922 540 2014 proprie
567 1940 609 1993 ac
642 1939 731 1992 vere
756 1921 870 2015 gloria
897 1918 972 2016 est,
1006 1944 1086 2016 quae
1110 1925 1157 2001 ab

86 2042 145 2096 ‚eo
169 2020 271 2093 datur
296 2021 355 2112 qui
382 2016 478 2093 solus
503 2022 617 2116 gloria
654 2018 800 2115 dignum
835 2032 943 2093 ornat
973 2020 1088 2097 modo
1119 2020 1157 2101 se

93 2121 204 2215 digno
232 2118 264 2191 δι
289 2120 399 2214 longe
422 2116 536 2213 xsupra
570 2118 737 2192 meritum
769 2118 864 2190 illius
899 2120 959 2212 qui
992 2135 1156 2201 ornatur.

91 2219 186 2299 lllud
210 2217 316 2314 igitur
340 2216 453 2312 ipsum
480 2218 578 2310 quod
602 2216 791 2312 pulchrum
817 2215 1005 2293 existimari
1023 2218 1158 2314 potuis·

90 2318 147 2395 set
163 2319 197 2392 ἃ
213 2321 356 2413 dignum
377 2316 506 2410 laude,
532 2329 620 2390 tunc
635 2318 865 2409 inquinatur,
892 2338 974 2392 curn
1001 2318 1085 2394 ideo
1112 2316 1158 2395 fit
1225 2362 1229 2373 ·

96 2420 246 2493 anobis
276 2430 317 2489 ut
340 2415 526 2490 videamur
551 2418 595 2491 ab
620 2415 828 2492 hominibus
859 2414 894 2489 u
924 2418 1076 2513 gloriam
1109 2418 1158 2497 ab

92 2519 300 2591 bominibus
327 2516 553 2609 accipiamus.
605 2516 855 2610 Quamobrem
879 2516 977 2589 nulla
1003 2516 1107 2611 hujus
1133 2539 1156 2594 a

89 2617 179 2691 Deo
202 2637 340 2691 merces
366 2615 534 2707 sequitur.
585 2611 676 2687 Cum
708 2617 805 2689 enim
825 2635 942 2693 ,verax
967 2615 1011 2691 fit
1034 2618 1155 2691 omnis

90 2714 220 2789 Christi
246 2714 385 2807 sermo,
411 2728 487 2787 tum
513 2715 596 2800 ille,
620 2710 645 2785 sr
670 2714 724 2787 fas
744 2711 796 2787 est
815 2713 959 2809 dicere,
985 2717 1156 2789 veracior

92 2814 144 2889 est
169 2836 274 2906 quem
303 2834 385 2885 cum
412 2810 647 2906 jurejurando
678 2810 742 2885 sibi
775 2809 953 2886 consueto
986 2814 1154 2907 protulit.

87 2914 216 2988 Deiis
250 2927 369 2985 autem
395 2914 455 3003 qui
493 2925 645 3005 propter
678 2910 869 2985 humanam
893 2911 1045 3007 gloriam
1070 2932 1157 3007 pro·

85 3014 188 3087 ximo
214 3012 385 3084 videntur
420 3010 662 3101 benefacere,
701 3024 764 3084 aut
795 3009 855 3102 qui
891 3011 928 3082 in
964 3007 1157 3107 synagogis

86 3112 282 3209 &angulis
310 3112 506 3205 platearum
532 3122 640 3183 orant
665 3121 707 3182 ut
737 3109 930 3185 videantur
962 3108 1008 3181 ab
1039 3110 1157 3191 homi.-

87 3214 218 3304 nibUS,
250 3211 324 3285 hoc
355 3207 467 3302 ipsum
493 3210 565 3282 ait:
602 3213 704 3281 Amen
728 3210 801 3281 dico
825 3208 932 3280 vobis:
969 3223 1155 3305 receperunt

86 3314 252 3383 mercedem
279 3310 378 3399 suom
439 3306 493 3383 Ut
528 3310 624 3382 enim
656 3308 761 3383 dives
792 3310 855 3381 ille
890 3305 984 3398 apnd
1014 3304 1154 3405 Lucam

89 3412 169 3484 iooo
202 3422 392 3503 receperat
423 3414 460 3479 io
491 3413 564 3479 vita
598 3406 658 3481 sua
688 3409 855 3496 mortali,
889 3402 1049 3500 ideoque
1072 3426 1154 3483 non

88 3523 237 3607 poterat
261 3509 411 3600 amplius
437 3529 480 3580 ea
506 3506 678 3599 consequi
697 3504 778 3604 post
803 3502 1014 3600 praeientem
1038 3506 1153 3581 vitam

87 3611 137 3686 fic
164 3607 454 3701 quimercedem
480 3607 576 3681 suam
600 3607 731 3699 recipit
754 3604 816 3679 seu
847 3603 932 3694 quid
957 3604 1062 3677 alicui
1088 3604 1154 3676 do·

89 3708 235 3800 nando,
276 3706 336 3779 seu
367 3706 533 3801 orando,
565 3706 595 3779 is
629 3724 712 3779 cum
743 3725 823 3779 uon
854 3701 1085 3777 &minaverit
1111 3703 1152 3776 in

87 3807 235 3907 spiritu,
267 3804 397 3883 sedin
429 3825 559 3905 earne,
577 3804 868 3899 ·eorruptionem
898 3812 1053 3902 metet,¹
1070 3818 1152 3875 non

579 3900 703 4001 Hbs
977 3906 1115 3972 'autem
1165 3970 1183 3996 χ
