<?xml version="1.0" encoding="UTF-8"?>
<!DOCTYPE html PUBLIC "-//W3C//DTD XHTML 1.0 Transitional//EN"
    "http://www.w3.org/TR/xhtml1/DTD/xhtml1-transitional.dtd">
<html xmlns="http://www.w3.org/1999/xhtml" xml:lang="en" lang="en">
 <head>
  <title>
</title>
<meta http-equiv="Content-Type" content="text/html;charset=utf-8" />
  <meta name='ocr-system' content='tesseract 3.04.00' />
  <meta name='ocr-capabilities' content='ocr_page ocr_carea ocr_par ocr_line ocrx_word'/>
</head>
<body>
  <div class='ocr_page' id='page_1' title='image "./operaomniasanct08unkngoog_0461.png"; bbox 0 0 2498 4254; ppageno 0'>
   <div class='ocr_carea' id='block_1_1' title="bbox 187 165 1117 314">
    <p class='ocr_par' dir='ltr' id='par_1_1' title="bbox 187 165 1117 314">
     <span class='ocr_line' id='line_1_1' title="bbox 187 165 1117 314; baseline -0.039 -29"><span class='ocrx_word' id='word_1_1' title='bbox 187 250 261 314; x_wconf 75' lang='lat'>„,</span> <span class='ocrx_word' id='word_1_2' title='bbox 306 170 678 295; x_wconf 72' lang='lat' dir='ltr'>maternisve</span> <span class='ocrx_word' id='word_1_3' title='bbox 701 166 894 248; x_wconf 74' lang='lat' dir='ltr'>enine.</span> <span class='ocrx_word' id='word_1_4' title='bbox 919 165 1026 246; x_wconf 79' lang='lat' dir='ltr'>cm.</span> <span class='ocrx_word' id='word_1_5' title='bbox 1050 166 1117 249; x_wconf 71' lang='lat' dir='ltr'>nr.</span> 
     </span>
    </p>
   </div>
   <div class='ocr_carea' id='block_1_2' title="bbox 176 328 1196 1155">
    <p class='ocr_par' dir='ltr' id='par_1_2' title="bbox 176 328 1196 1155">
     <span class='ocr_line' id='line_1_2' title="bbox 237 328 1196 457; baseline -0.008 -46"><span class='ocrx_word' id='word_1_6' title='bbox 237 384 292 457; x_wconf 55' lang='lat' dir='ltr'><strong><em>M</em></strong></span> <span class='ocrx_word' id='word_1_7' title='bbox 305 352 595 451; x_wconf 51' lang='lat' dir='ltr'>mmmmm,</span> <span class='ocrx_word' id='word_1_8' title='bbox 616 336 651 409; x_wconf 92' lang='lat' dir='ltr'>in</span> <span class='ocrx_word' id='word_1_9' title='bbox 668 334 814 406; x_wconf 89' lang='lat' dir='ltr'>homine</span> <span class='ocrx_word' id='word_1_10' title='bbox 827 328 1051 425; x_wconf 82' lang='lat' dir='ltr'>poliuntelse</span> <span class='ocrx_word' id='word_1_11' title='bbox 1065 331 1196 423; x_wconf 85' lang='lat' dir='ltr'>perin-</span> 
     </span>
     <span class='ocr_line' id='line_1_3' title="bbox 189 406 1195 553; baseline -0.014 -37"><span class='ocrx_word' id='word_1_12' title='bbox 189 406 236 465; x_wconf 51' lang='grc' dir='ltr'>ω’</span> <span class='ocrx_word' id='word_1_13' title='bbox 280 484 284 491; x_wconf 94' lang='grc'><strong>-</strong></span> <span class='ocrx_word' id='word_1_14' title='bbox 386 466 418 539; x_wconf 50' lang='lat'><em>3</em></span> <span class='ocrx_word' id='word_1_15' title='bbox 435 436 727 553; x_wconf 57' lang='lat' dir='ltr'>perimintlonem</span> <span class='ocrx_word' id='word_1_16' title='bbox 743 430 835 509; x_wconf 80' lang='lat' dir='ltr'>Dei,</span> <span class='ocrx_word' id='word_1_17' title='bbox 860 430 995 505; x_wconf 86' lang='lat' dir='ltr'>ficut&amp;</span> <span class='ocrx_word' id='word_1_18' title='bbox 1011 428 1195 503; x_wconf 81' lang='lat' dir='ltr'>Dominus</span> 
     </span>
     <span class='ocr_line' id='line_1_4' title="bbox 186 484 1196 643; baseline -0.004 -42"><span class='ocrx_word' id='word_1_19' title='bbox 186 484 381 643; x_wconf 46' lang='lat' dir='ltr'>mi}</span> <span class='ocrx_word' id='word_1_20' title='bbox 398 542 594 643; x_wconf 53' lang='lat' dir='ltr'>ssmffllio,</span> <span class='ocrx_word' id='word_1_21' title='bbox 617 532 759 603; x_wconf 83' lang='lat' dir='ltr'>dicens:</span> <span class='ocrx_word' id='word_1_22' title='bbox 790 532 893 629; x_wconf 74' lang='lat' dir='ltr'>Estote</span> <span class='ocrx_word' id='word_1_23' title='bbox 906 555 971 623; x_wconf 78' lang='lat' dir='ltr'>erge</span> <span class='ocrx_word' id='word_1_24' title='bbox 987 532 1196 615; x_wconf 72' lang='lat' dir='ltr'>misericorder</span> 
     </span>
     <span class='ocr_line' id='line_1_5' title="bbox 183 588 1195 751; baseline -0.006 -48"><span class='ocrx_word' id='word_1_25' title='bbox 183 588 418 751; x_wconf 42' lang='lat' dir='ltr'>mmm</span> <span class='ocrx_word' id='word_1_26' title='bbox 535 634 697 723; x_wconf 62' lang='lat' dir='ltr'>misericors</span> <span class='ocrx_word' id='word_1_27' title='bbox 720 630 769 728; x_wconf 77' lang='lat' dir='ltr'>eft</span> <span class='ocrx_word' id='word_1_28' title='bbox 824 627 901 724; x_wconf 82' lang='lat' dir='ltr'>Et,</span> <span class='ocrx_word' id='word_1_29' title='bbox 930 629 1032 725; x_wconf 73' lang='lat' dir='ltr'>Estote</span> <span class='ocrx_word' id='word_1_30' title='bbox 1055 626 1195 723; x_wconf 72' lang='lat' dir='ltr'>perfetis</span> 
     </span>
     <span class='ocr_line' id='line_1_6' title="bbox 176 698 1195 855; baseline -0.007 -48"><span class='ocrx_word' id='word_1_31' title='bbox 176 698 400 855; x_wconf 45' lang='lat'>3⁸⁸3&amp;</span> <span class='ocrx_word' id='word_1_32' title='bbox 466 730 656 837; x_wconf 55' lang='lat' dir='ltr'>repositius</span> <span class='ocrx_word' id='word_1_33' title='bbox 670 730 718 827; x_wconf 63' lang='grc' dir='ltr'>ιβ.</span> <span class='ocrx_word' id='word_1_34' title='bbox 746 728 855 803; x_wconf 88' lang='lat' dir='ltr'>Unde</span> <span class='ocrx_word' id='word_1_35' title='bbox 870 728 1059 802; x_wconf 89' lang='lat' dir='ltr'>evidenter</span> <span class='ocrx_word' id='word_1_36' title='bbox 1074 726 1195 801; x_wconf 86' lang='lat' dir='ltr'>osten·</span> 
     </span>
     <span class='ocr_line' id='line_1_7' title="bbox 177 800 1195 965; baseline -0.009 -57"><span class='ocrx_word' id='word_1_37' title='bbox 177 800 272 961; x_wconf 48' lang='grc' dir='ltr'>εἴ,</span> <span class='ocrx_word' id='word_1_38' title='bbox 280 856 369 965; x_wconf 53' lang='lat' dir='ltr'>quod</span> <span class='ocrx_word' id='word_1_39' title='bbox 379 858 413 927; x_wconf 71' lang='lat' dir='ltr'>j„</span> <span class='ocrx_word' id='word_1_40' title='bbox 516 832 654 929; x_wconf 89' lang='lat' dir='ltr'>quidem</span> <span class='ocrx_word' id='word_1_41' title='bbox 670 830 726 903; x_wconf 76' lang='lat' dir='ltr'>hu</span> <span class='ocrx_word' id='word_1_42' title='bbox 743 849 870 902; x_wconf 87' lang='lat' dir='ltr'>omnes</span> <span class='ocrx_word' id='word_1_43' title='bbox 885 830 1037 901; x_wconf 83' lang='lat' dir='ltr'>virtutes</span> <span class='ocrx_word' id='word_1_44' title='bbox 1052 825 1195 920; x_wconf 86' lang='lat' dir='ltr'>semper</span> 
     </span>
     <span class='ocr_line' id='line_1_8' title="bbox 179 926 1194 1057; baseline -0.017 -44"><span class='ocrx_word' id='word_1_45' title='bbox 179 982 253 1057; x_wconf 55' lang='lat' dir='ltr'><em>W</em></span> <span class='ocrx_word' id='word_1_46' title='bbox 291 978 355 1041; x_wconf 54' lang='lat' dir='ltr'>„ff</span> <span class='ocrx_word' id='word_1_47' title='bbox 377 956 517 1033; x_wconf 81' lang='lat' dir='ltr'>unquam</span> <span class='ocrx_word' id='word_1_48' title='bbox 545 930 715 1006; x_wconf 85' lang='lat' dir='ltr'>accedere</span> <span class='ocrx_word' id='word_1_49' title='bbox 743 926 889 1021; x_wconf 82' lang='lat' dir='ltr'>poliunt</span> <span class='ocrx_word' id='word_1_50' title='bbox 914 942 975 1000; x_wconf 88' lang='lat' dir='ltr'>aut</span> <span class='ocrx_word' id='word_1_51' title='bbox 996 927 1194 1020; x_wconf 84' lang='lat' dir='ltr'>recedere,</span> 
     </span>
     <span class='ocr_line' id='line_1_9' title="bbox 176 1026 1193 1155; baseline -0.038 -19"><span class='ocrx_word' id='word_1_52' title='bbox 176 1084 219 1155; x_wconf 62' lang='lat' dir='ltr'>,b</span> <span class='ocrx_word' id='word_1_53' title='bbox 237 1026 418 1145; x_wconf 64' lang='lat' dir='ltr'>obninrbus</span> <span class='ocrx_word' id='word_1_54' title='bbox 437 1052 523 1107; x_wconf 84' lang='lat' dir='ltr'>uero</span> <span class='ocrx_word' id='word_1_55' title='bbox 540 1033 708 1122; x_wconf 82' lang='lat' dir='ltr'>paulatim</span> <span class='ocrx_word' id='word_1_56' title='bbox 725 1028 759 1100; x_wconf 87' lang='lat' dir='ltr'>dc</span> <span class='ocrx_word' id='word_1_57' title='bbox 778 1029 919 1125; x_wconf 87' lang='lat' dir='ltr'>fingulae</span> <span class='ocrx_word' id='word_1_58' title='bbox 936 1047 1085 1119; x_wconf 86' lang='lat' dir='ltr'>quaeque</span> <span class='ocrx_word' id='word_1_59' title='bbox 1102 1045 1193 1098; x_wconf 92' lang='lat' dir='ltr'>con-</span> 
     </span>
    </p>
   </div>
   <div class='ocr_carea' id='block_1_3' title="bbox 172 1126 1194 1271">
    <p class='ocr_par' dir='ltr' id='par_1_3' title="bbox 172 1126 1194 1271">
     <span class='ocr_line' id='line_1_10' title="bbox 172 1126 1194 1271; baseline -0.009 -64"><span class='ocrx_word' id='word_1_60' title='bbox 172 1170 350 1271; x_wconf 66' lang='lat' dir='ltr'>quirunwf·</span> <span class='ocrx_word' id='word_1_61' title='bbox 397 1134 497 1209; x_wconf 86' lang='lat' dir='ltr'>Unde</span> <span class='ocrx_word' id='word_1_62' title='bbox 513 1130 619 1203; x_wconf 89' lang='lat' dir='ltr'>etiam</span> <span class='ocrx_word' id='word_1_63' title='bbox 643 1126 988 1223; x_wconf 78' lang='lat' dir='ltr'>consanguinitatem</span> <span class='ocrx_word' id='word_1_64' title='bbox 1002 1126 1194 1217; x_wconf 85' lang='lat' dir='ltr'>quamdam</span> 
     </span>
    </p>
   </div>
   <div class='ocr_carea' id='block_1_4' title="bbox 168 1225 1192 1369">
    <p class='ocr_par' dir='ltr' id='par_1_4' title="bbox 168 1225 1192 1369">
     <span class='ocr_line' id='line_1_11' title="bbox 168 1225 1192 1369; baseline -0.045 -28"><span class='ocrx_word' id='word_1_65' title='bbox 168 1288 230 1369; x_wconf 74' lang='lat' dir='ltr'>per</span> <span class='ocrx_word' id='word_1_66' title='bbox 250 1264 319 1333; x_wconf 77' lang='lat' dir='ltr'>bec</span> <span class='ocrx_word' id='word_1_67' title='bbox 340 1240 462 1315; x_wconf 86' lang='lat' dir='ltr'>habcre</span> <span class='ocrx_word' id='word_1_68' title='bbox 485 1230 655 1302; x_wconf 89' lang='lat' dir='ltr'>videntur</span> <span class='ocrx_word' id='word_1_69' title='bbox 680 1229 723 1300; x_wconf 82' lang='lat' dir='ltr'>ad</span> <span class='ocrx_word' id='word_1_70' title='bbox 748 1234 892 1301; x_wconf 74' lang='lat' dir='ltr'>Deumz</span> <span class='ocrx_word' id='word_1_71' title='bbox 918 1225 952 1297; x_wconf 86' lang='lat' dir='ltr'>dt</span> <span class='ocrx_word' id='word_1_72' title='bbox 977 1245 1057 1296; x_wconf 90' lang='lat' dir='ltr'>cum</span> <span class='ocrx_word' id='word_1_73' title='bbox 1087 1226 1192 1296; x_wconf 78' lang='lat' dir='ltr'>Deus</span> 
     </span>
    </p>
   </div>
   <div class='ocr_carea' id='block_1_5' title="bbox 72 1322 1201 3410">
    <p class='ocr_par' dir='ltr' id='par_1_5' title="bbox 72 1322 1201 3410">
     <span class='ocr_line' id='line_1_12' title="bbox 165 1322 1192 1443; baseline -0.033 -12"><span class='ocrx_word' id='word_1_74' title='bbox 165 1360 275 1443; x_wconf 78' lang='lat' dir='ltr'>omnia</span> <span class='ocrx_word' id='word_1_75' title='bbox 290 1336 437 1423; x_wconf 86' lang='lat' dir='ltr'>noverit,</span> <span class='ocrx_word' id='word_1_76' title='bbox 454 1328 584 1401; x_wconf 86' lang='lat' dir='ltr'>&amp;nihil</span> <span class='ocrx_word' id='word_1_77' title='bbox 601 1348 817 1402; x_wconf 82' lang='lat' dir='ltr'>cumrerum</span> <span class='ocrx_word' id='word_1_78' title='bbox 835 1322 1127 1400; x_wconf 78' lang='lat' dir='ltr'>intellectualium</span> <span class='ocrx_word' id='word_1_79' title='bbox 1143 1344 1192 1397; x_wconf 85' lang='lat' dir='ltr'>ex</span> 
     </span>
     <span class='ocr_line' id='line_1_13' title="bbox 160 1418 1192 1543; baseline -0.038 -7"><span class='ocrx_word' id='word_1_80' title='bbox 160 1468 196 1543; x_wconf 85' lang='lat' dir='ltr'>sc</span> <span class='ocrx_word' id='word_1_81' title='bbox 212 1458 312 1529; x_wconf 74' lang='lat' dir='ltr'>lateat</span> <span class='ocrx_word' id='word_1_82' title='bbox 325 1434 434 1533; x_wconf 88' lang='lat' dir='ltr'>(solus</span> <span class='ocrx_word' id='word_1_83' title='bbox 457 1430 551 1499; x_wconf 89' lang='lat' dir='ltr'>enim</span> <span class='ocrx_word' id='word_1_84' title='bbox 573 1426 675 1500; x_wconf 90' lang='lat' dir='ltr'>Deus</span> <span class='ocrx_word' id='word_1_85' title='bbox 695 1427 845 1521; x_wconf 84' lang='lat' dir='ltr'>pater&amp;</span> <span class='ocrx_word' id='word_1_86' title='bbox 868 1425 1072 1521; x_wconf 80' lang='lat' dir='ltr'>unigenitus</span> <span class='ocrx_word' id='word_1_87' title='bbox 1093 1418 1192 1497; x_wconf 77' lang='lat' dir='ltr'>filius</span> 
     </span>
     <span class='ocr_line' id='line_1_14' title="bbox 158 1524 1192 1655; baseline -0.014 -47"><span class='ocrx_word' id='word_1_88' title='bbox 158 1562 228 1655; x_wconf 58' lang='lat' dir='ltr'>eju,</span> <span class='ocrx_word' id='word_1_89' title='bbox 270 1532 460 1625; x_wconf 83' lang='lat' dir='ltr'>&amp;Spiritus</span> <span class='ocrx_word' id='word_1_90' title='bbox 479 1524 612 1600; x_wconf 72' lang='lat' dir='ltr'>fannus</span> <span class='ocrx_word' id='word_1_91' title='bbox 632 1548 708 1599; x_wconf 90' lang='lat' dir='ltr'>non</span> <span class='ocrx_word' id='word_1_92' title='bbox 725 1524 837 1599; x_wconf 88' lang='lat' dir='ltr'>solum</span> <span class='ocrx_word' id='word_1_93' title='bbox 850 1546 974 1598; x_wconf 89' lang='lat' dir='ltr'>eorum</span> <span class='ocrx_word' id='word_1_94' title='bbox 996 1544 1073 1613; x_wconf 83' lang='lat' dir='ltr'>quae</span> <span class='ocrx_word' id='word_1_95' title='bbox 1091 1542 1192 1595; x_wconf 87' lang='lat' dir='ltr'>crea·</span> 
     </span>
     <span class='ocr_line' id='line_1_15' title="bbox 156 1602 1191 1733; baseline -0.011 -27"><span class='ocrx_word' id='word_1_96' title='bbox 156 1660 208 1733; x_wconf 56' lang='lat' dir='ltr'>vit</span> <span class='ocrx_word' id='word_1_97' title='bbox 236 1602 363 1713; x_wconf 74' lang='lat' dir='ltr'>’verum</span> <span class='ocrx_word' id='word_1_98' title='bbox 386 1629 491 1699; x_wconf 88' lang='lat' dir='ltr'>etiam</span> <span class='ocrx_word' id='word_1_99' title='bbox 510 1625 764 1699; x_wconf 87' lang='lat' dir='ltr'>sui-scientiam</span> <span class='ocrx_word' id='word_1_100' title='bbox 787 1623 909 1721; x_wconf 87' lang='lat' dir='ltr'>tenet)</span> <span class='ocrx_word' id='word_1_101' title='bbox 928 1621 1047 1717; x_wconf 88' lang='lat' dir='ltr'>potest</span> <span class='ocrx_word' id='word_1_102' title='bbox 1068 1636 1191 1695; x_wconf 89' lang='lat' dir='ltr'>tamen</span> 
     </span>
     <span class='ocr_line' id='line_1_16' title="bbox 154 1702 1190 1829; baseline -0.02 -15"><span class='ocrx_word' id='word_1_103' title='bbox 154 1702 411 1829; x_wconf 51' lang='lat' dir='ltr'>&amp;insanabilis</span> <span class='ocrx_word' id='word_1_104' title='bbox 434 1746 535 1799; x_wconf 86' lang='lat' dir='ltr'>mens</span> <span class='ocrx_word' id='word_1_105' title='bbox 559 1722 755 1819; x_wconf 86' lang='lat' dir='ltr'>proficiens</span> <span class='ocrx_word' id='word_1_106' title='bbox 781 1728 942 1818; x_wconf 84' lang='lat' dir='ltr'>aparvis</span> <span class='ocrx_word' id='word_1_107' title='bbox 963 1725 1007 1795; x_wconf 93' lang='lat' dir='ltr'>ad</span> <span class='ocrx_word' id='word_1_108' title='bbox 1032 1722 1190 1814; x_wconf 87' lang='lat' dir='ltr'>majora,</span> 
     </span>
     <span class='ocr_line' id='line_1_17' title="bbox 152 1820 1191 1927; baseline -0.014 -19"><span class='ocrx_word' id='word_1_109' title='bbox 152 1854 223 1927; x_wconf 72' lang='lat' dir='ltr'>&amp;a</span> <span class='ocrx_word' id='word_1_110' title='bbox 244 1826 432 1907; x_wconf 84' lang='lat' dir='ltr'>vifibilibus</span> <span class='ocrx_word' id='word_1_111' title='bbox 453 1824 496 1897; x_wconf 89' lang='lat' dir='ltr'>ad</span> <span class='ocrx_word' id='word_1_112' title='bbox 523 1823 738 1917; x_wconf 75' lang='lat' dir='ltr'>invisibilia,</span> <span class='ocrx_word' id='word_1_113' title='bbox 770 1826 961 1918; x_wconf 87' lang='lat' dir='ltr'>pervenire</span> <span class='ocrx_word' id='word_1_114' title='bbox 981 1820 1024 1894; x_wconf 90' lang='lat' dir='ltr'>ad</span> <span class='ocrx_word' id='word_1_115' title='bbox 1047 1822 1191 1893; x_wconf 87' lang='lat' dir='ltr'>intelle·</span> 
     </span>
     <span class='ocr_line' id='line_1_18' title="bbox 138 1919 1190 2025; baseline -0.008 -25"><span class='ocrx_word' id='word_1_116' title='bbox 138 1944 233 2025; x_wconf 60' lang='lat' dir='ltr'>&#39;m</span> <span class='ocrx_word' id='word_1_117' title='bbox 244 1922 503 2025; x_wconf 60' lang='lat' dir='ltr'>perfectiorem.</span> <span class='ocrx_word' id='word_1_118' title='bbox 554 1922 616 1997; x_wconf 83' lang='lat' dir='ltr'>Est</span> <span class='ocrx_word' id='word_1_119' title='bbox 638 1927 734 1999; x_wconf 90' lang='lat' dir='ltr'>enim</span> <span class='ocrx_word' id='word_1_120' title='bbox 754 1926 792 1997; x_wconf 91' lang='lat' dir='ltr'>in</span> <span class='ocrx_word' id='word_1_121' title='bbox 812 1944 968 2017; x_wconf 89' lang='lat' dir='ltr'>corpore</span> <span class='ocrx_word' id='word_1_122' title='bbox 985 1920 1125 2014; x_wconf 77' lang='lat' dir='ltr'>posita,</span> <span class='ocrx_word' id='word_1_123' title='bbox 1154 1919 1190 1992; x_wconf 85' lang='lat' dir='ltr'>dc</span> 
     </span>
     <span class='ocr_line' id='line_1_19' title="bbox 148 2018 1189 2126; baseline -0.009 -25"><span class='ocrx_word' id='word_1_124' title='bbox 148 2062 189 2121; x_wconf 56' lang='grc' dir='ltr'>,ς</span> <span class='ocrx_word' id='word_1_125' title='bbox 201 2028 279 2126; x_wconf 82' lang='lat' dir='ltr'>ipsis</span> <span class='ocrx_word' id='word_1_126' title='bbox 291 2022 507 2097; x_wconf 76' lang='lat' dir='ltr'>sensibilibus</span> <span class='ocrx_word' id='word_1_127' title='bbox 522 2045 601 2115; x_wconf 83' lang='lat' dir='ltr'>quae</span> <span class='ocrx_word' id='word_1_128' title='bbox 619 2022 700 2096; x_wconf 81' lang='lat' dir='ltr'>stcnt</span> <span class='ocrx_word' id='word_1_129' title='bbox 713 2044 891 2118; x_wconf 87' lang='lat' dir='ltr'>corporea</span> <span class='ocrx_word' id='word_1_130' title='bbox 908 2023 951 2094; x_wconf 91' lang='lat' dir='ltr'>ad</span> <span class='ocrx_word' id='word_1_131' title='bbox 968 2018 1189 2093; x_wconf 66' lang='lat' dir='ltr'>intellectua-</span> 
     </span>
     <span class='ocr_line' id='line_1_20' title="bbox 143 2118 1201 2225; baseline -0.025 -8"><span class='ocrx_word' id='word_1_132' title='bbox 143 2130 186 2217; x_wconf 84' lang='lat' dir='ltr'>ila</span> <span class='ocrx_word' id='word_1_133' title='bbox 201 2118 353 2225; x_wconf 77' lang='lat' dir='ltr'>proficit.</span> <span class='ocrx_word' id='word_1_134' title='bbox 413 2124 551 2196; x_wconf 89' lang='lat' dir='ltr'>Verum</span> <span class='ocrx_word' id='word_1_135' title='bbox 570 2142 619 2194; x_wconf 93' lang='lat' dir='ltr'>ne</span> <span class='ocrx_word' id='word_1_136' title='bbox 638 2126 695 2195; x_wconf 93' lang='lat' dir='ltr'>cui</span> <span class='ocrx_word' id='word_1_137' title='bbox 715 2126 879 2197; x_wconf 85' lang='lat' dir='ltr'>videatur</span> <span class='ocrx_word' id='word_1_138' title='bbox 901 2122 1114 2195; x_wconf 87' lang='lat' dir='ltr'>indecenter</span> <span class='ocrx_word' id='word_1_139' title='bbox 1138 2118 1201 2191; x_wconf 85' lang='lat' dir='ltr'>di·¹</span> 
     </span>
     <span class='ocr_line' id='line_1_21' title="bbox 141 2219 1189 2313; baseline -0.004 -19"><span class='ocrx_word' id='word_1_140' title='bbox 141 2236 226 2313; x_wconf 64' lang='lat' dir='ltr'>aum</span> <span class='ocrx_word' id='word_1_141' title='bbox 238 2219 448 2294; x_wconf 73' lang='lat' dir='ltr'>insensibilia</span> <span class='ocrx_word' id='word_1_142' title='bbox 465 2220 535 2293; x_wconf 85' lang='lat' dir='ltr'>else</span> <span class='ocrx_word' id='word_1_143' title='bbox 552 2243 630 2313; x_wconf 85' lang='lat' dir='ltr'>quae</span> <span class='ocrx_word' id='word_1_144' title='bbox 651 2223 903 2295; x_wconf 77' lang='lat' dir='ltr'>intellectualia</span> <span class='ocrx_word' id='word_1_145' title='bbox 919 2220 1018 2311; x_wconf 89' lang='lat' dir='ltr'>sunt,</span> <span class='ocrx_word' id='word_1_146' title='bbox 1044 2236 1189 2292; x_wconf 89' lang='lat' dir='ltr'>utemur</span> 
     </span>
     <span class='ocr_line' id='line_1_22' title="bbox 140 2316 1188 2423; baseline -0.011 -24"><span class='ocrx_word' id='word_1_147' title='bbox 140 2320 300 2423; x_wconf 62' lang='lat' dir='ltr'>exemplo</span> <span class='ocrx_word' id='word_1_148' title='bbox 320 2316 506 2393; x_wconf 86' lang='lat' dir='ltr'>sententiae</span> <span class='ocrx_word' id='word_1_149' title='bbox 527 2320 731 2395; x_wconf 89' lang='lat' dir='ltr'>Salomonis</span> <span class='ocrx_word' id='word_1_150' title='bbox 755 2324 929 2393; x_wconf 88' lang='lat' dir='ltr'>dicentis:</span> <span class='ocrx_word' id='word_1_151' title='bbox 963 2322 1094 2408; x_wconf 80' lang='lat' dir='ltr'>Sensum</span> <span class='ocrx_word' id='word_1_152' title='bbox 1112 2344 1188 2414; x_wconf 85' lang='lat' dir='ltr'>quo·</span> 
     </span>
     <span class='ocr_line' id='line_1_23' title="bbox 174 2417 1189 2513; baseline -0.006 -18"><span class='ocrx_word' id='word_1_153' title='bbox 174 2450 190 2495; x_wconf 88' lang='lat' dir='ltr'>e</span> <span class='ocrx_word' id='word_1_154' title='bbox 205 2424 351 2489; x_wconf 80' lang='lat' dir='ltr'>divinum</span> <span class='ocrx_word' id='word_1_155' title='bbox 369 2418 526 2491; x_wconf 77' lang='lat' dir='ltr'>inuenies.</span> <span class='ocrx_word' id='word_1_156' title='bbox 580 2421 623 2493; x_wconf 91' lang='lat' dir='ltr'>ln</span> <span class='ocrx_word' id='word_1_157' title='bbox 638 2442 711 2511; x_wconf 86' lang='lat' dir='ltr'>quo</span> <span class='ocrx_word' id='word_1_158' title='bbox 729 2422 886 2493; x_wconf 89' lang='lat' dir='ltr'>ostendit</span> <span class='ocrx_word' id='word_1_159' title='bbox 903 2440 979 2493; x_wconf 92' lang='lat' dir='ltr'>non</span> <span class='ocrx_word' id='word_1_160' title='bbox 1002 2417 1189 2513; x_wconf 88' lang='lat' dir='ltr'>corporali</span> 
     </span>
     <span class='ocr_line' id='line_1_24' title="bbox 126 2452 1187 2611; baseline -0.004 -16"><span class='ocrx_word' id='word_1_161' title='bbox 126 2452 255 2610; x_wconf 53' lang='lat' dir='ltr'>¹itnsu,</span> <span class='ocrx_word' id='word_1_162' title='bbox 280 2516 339 2589; x_wconf 91' lang='lat' dir='ltr'>sed</span> <span class='ocrx_word' id='word_1_163' title='bbox 358 2520 429 2591; x_wconf 85' lang='lat' dir='ltr'>alio</span> <span class='ocrx_word' id='word_1_164' title='bbox 447 2521 602 2611; x_wconf 81' lang='lat' dir='ltr'>quodam</span> <span class='ocrx_word' id='word_1_165' title='bbox 622 2540 728 2610; x_wconf 87' lang='lat' dir='ltr'>quem</span> <span class='ocrx_word' id='word_1_166' title='bbox 751 2520 912 2593; x_wconf 86' lang='lat' dir='ltr'>divinum</span> <span class='ocrx_word' id='word_1_167' title='bbox 930 2524 1115 2609; x_wconf 85' lang='lat' dir='ltr'>nominat,</span> <span class='ocrx_word' id='word_1_168' title='bbox 1144 2539 1187 2591; x_wconf 89' lang='lat' dir='ltr'>ea</span> 
     </span>
     <span class='ocr_line' id='line_1_25' title="bbox 132 2616 1186 2715; baseline -0.004 -22"><span class='ocrx_word' id='word_1_169' title='bbox 132 2640 207 2715; x_wconf 76' lang='lat' dir='ltr'>quor</span> <span class='ocrx_word' id='word_1_170' title='bbox 222 2616 475 2691; x_wconf 71' lang='lat' dir='ltr'>intellectualia</span> <span class='ocrx_word' id='word_1_171' title='bbox 486 2619 584 2704; x_wconf 88' lang='lat' dir='ltr'>sunt,</span> <span class='ocrx_word' id='word_1_172' title='bbox 602 2620 826 2710; x_wconf 85' lang='lat' dir='ltr'>requirenda.</span> <span class='ocrx_word' id='word_1_173' title='bbox 854 2619 938 2692; x_wconf 90' lang='lat' dir='ltr'>Hoc</span> <span class='ocrx_word' id='word_1_174' title='bbox 950 2631 1068 2691; x_wconf 90' lang='lat' dir='ltr'>autem</span> <span class='ocrx_word' id='word_1_175' title='bbox 1084 2616 1186 2690; x_wconf 90' lang='lat' dir='ltr'>sensu</span> 
     </span>
     <span class='ocr_line' id='line_1_26' title="bbox 72 2716 1186 2815; baseline -0.005 -20"><span class='ocrx_word' id='word_1_176' title='bbox 72 2718 81 2741; x_wconf 86' lang='lat'><em>‘</em></span> <span class='ocrx_word' id='word_1_177' title='bbox 129 2718 235 2795; x_wconf 88' lang='lat' dir='ltr'>nobis</span> <span class='ocrx_word' id='word_1_178' title='bbox 254 2718 467 2790; x_wconf 88' lang='lat' dir='ltr'>intuendum</span> <span class='ocrx_word' id='word_1_179' title='bbox 490 2716 542 2791; x_wconf 91' lang='lat' dir='ltr'>est</span> <span class='ocrx_word' id='word_1_180' title='bbox 561 2719 667 2793; x_wconf 86' lang='lat' dir='ltr'>etiam</span> <span class='ocrx_word' id='word_1_181' title='bbox 687 2720 732 2791; x_wconf 91' lang='lat' dir='ltr'>de</span> <span class='ocrx_word' id='word_1_182' title='bbox 755 2719 810 2791; x_wconf 91' lang='lat' dir='ltr'>his</span> <span class='ocrx_word' id='word_1_183' title='bbox 825 2719 966 2815; x_wconf 86' lang='lat' dir='ltr'>smgulis</span> <span class='ocrx_word' id='word_1_184' title='bbox 984 2738 1061 2808; x_wconf 87' lang='lat' dir='ltr'>quae</span> <span class='ocrx_word' id='word_1_185' title='bbox 1083 2716 1186 2809; x_wconf 83' lang='lat' dir='ltr'>supra</span> 
     </span>
     <span class='ocr_line' id='line_1_27' title="bbox 128 2816 1185 2908; baseline -0.004 -17"><span class='ocrx_word' id='word_1_186' title='bbox 128 2816 298 2900; x_wconf 83' lang='lat' dir='ltr'>diximus,</span> <span class='ocrx_word' id='word_1_187' title='bbox 324 2818 617 2908; x_wconf 75' lang='lat' dir='ltr'>rationabilibus,</span> <span class='ocrx_word' id='word_1_188' title='bbox 643 2819 764 2891; x_wconf 84' lang='lat' dir='ltr'>&amp;hoc</span> <span class='ocrx_word' id='word_1_189' title='bbox 783 2818 882 2891; x_wconf 91' lang='lat' dir='ltr'>sensu</span> <span class='ocrx_word' id='word_1_190' title='bbox 905 2818 1080 2890; x_wconf 88' lang='lat' dir='ltr'>audienda</span> <span class='ocrx_word' id='word_1_191' title='bbox 1103 2816 1185 2888; x_wconf 89' lang='lat' dir='ltr'>sunt</span> 
     </span>
     <span class='ocr_line' id='line_1_28' title="bbox 125 2910 1182 3009; baseline -0.001 -20"><span class='ocrx_word' id='word_1_192' title='bbox 125 2910 191 2989; x_wconf 81' lang='lat' dir='ltr'>ista</span> <span class='ocrx_word' id='word_1_193' title='bbox 218 2934 296 3003; x_wconf 85' lang='lat' dir='ltr'>quae</span> <span class='ocrx_word' id='word_1_194' title='bbox 320 2915 522 3008; x_wconf 86' lang='lat' dir='ltr'>loquimur,</span> <span class='ocrx_word' id='word_1_195' title='bbox 558 2917 591 2987; x_wconf 80' lang='lat' dir='ltr'>dc</span> <span class='ocrx_word' id='word_1_196' title='bbox 616 2916 871 2990; x_wconf 88' lang='lat' dir='ltr'>confideranda</span> <span class='ocrx_word' id='word_1_197' title='bbox 893 2937 970 3009; x_wconf 80' lang='lat' dir='ltr'>quae</span> <span class='ocrx_word' id='word_1_198' title='bbox 986 2918 1182 2989; x_wconf 84' lang='lat' dir='ltr'>scribimus.</span> 
     </span>
     <span class='ocr_line' id='line_1_29' title="bbox 125 3010 1184 3109; baseline 0 -24"><span class='ocrx_word' id='word_1_199' title='bbox 125 3010 221 3085; x_wconf 90' lang='lat' dir='ltr'>Nam</span> <span class='ocrx_word' id='word_1_200' title='bbox 242 3012 364 3086; x_wconf 89' lang='lat' dir='ltr'>divina</span> <span class='ocrx_word' id='word_1_201' title='bbox 380 3028 531 3108; x_wconf 81' lang='lat' dir='ltr'>natura,</span> <span class='ocrx_word' id='word_1_202' title='bbox 559 3018 665 3089; x_wconf 88' lang='lat' dir='ltr'>etiam</span> <span class='ocrx_word' id='word_1_203' title='bbox 686 3020 784 3089; x_wconf 88' lang='lat' dir='ltr'>taciti</span> <span class='ocrx_word' id='word_1_204' title='bbox 801 3038 879 3109; x_wconf 87' lang='lat' dir='ltr'>quae</span> <span class='ocrx_word' id='word_1_205' title='bbox 895 3020 989 3089; x_wconf 89' lang='lat' dir='ltr'>intra</span> <span class='ocrx_word' id='word_1_206' title='bbox 1007 3034 1076 3085; x_wconf 93' lang='lat' dir='ltr'>nos</span> <span class='ocrx_word' id='word_1_207' title='bbox 1101 3013 1184 3085; x_wconf 90' lang='lat' dir='ltr'>vol·</span> 
     </span>
     <span class='ocr_line' id='line_1_30' title="bbox 124 3113 1183 3208; baseline 0.003 -26"><span class='ocrx_word' id='word_1_208' title='bbox 124 3122 272 3202; x_wconf 86' lang='lat' dir='ltr'>vamus,</span> <span class='ocrx_word' id='word_1_209' title='bbox 299 3114 468 3207; x_wconf 84' lang='lat' dir='ltr'>agnoscit.</span> <span class='ocrx_word' id='word_1_210' title='bbox 520 3114 654 3186; x_wconf 86' lang='lat' dir='ltr'>Dabis</span> <span class='ocrx_word' id='word_1_211' title='bbox 681 3129 799 3190; x_wconf 91' lang='lat' dir='ltr'>autem</span> <span class='ocrx_word' id='word_1_212' title='bbox 823 3136 902 3208; x_wconf 85' lang='lat' dir='ltr'>quae</span> <span class='ocrx_word' id='word_1_213' title='bbox 923 3115 1094 3203; x_wconf 83' lang='lat' dir='ltr'>diximus,</span> <span class='ocrx_word' id='word_1_214' title='bbox 1121 3113 1183 3187; x_wconf 89' lang='lat' dir='ltr'>vel</span> 
     </span>
     <span class='ocr_line' id='line_1_31' title="bbox 75 3204 1183 3308; baseline 0.01 -32"><span class='ocrx_word' id='word_1_215' title='bbox 75 3216 80 3233; x_wconf 75' lang='lat'><strong>¹</strong></span> <span class='ocrx_word' id='word_1_216' title='bbox 125 3204 173 3277; x_wconf 89' lang='lat' dir='ltr'>de</span> <span class='ocrx_word' id='word_1_217' title='bbox 186 3212 332 3301; x_wconf 83' lang='lat' dir='ltr'>reliquis</span> <span class='ocrx_word' id='word_1_218' title='bbox 359 3233 437 3305; x_wconf 84' lang='lat' dir='ltr'>quae</span> <span class='ocrx_word' id='word_1_219' title='bbox 455 3211 711 3306; x_wconf 87' lang='lat' dir='ltr'>consequentia</span> <span class='ocrx_word' id='word_1_220' title='bbox 735 3218 837 3308; x_wconf 79' lang='lat' dir='ltr'>sunt,</span> <span class='ocrx_word' id='word_1_221' title='bbox 871 3215 1065 3289; x_wconf 88' lang='lat' dir='ltr'>secundum</span> <span class='ocrx_word' id='word_1_222' title='bbox 1087 3214 1183 3287; x_wconf 87' lang='lat' dir='ltr'>hanc</span> 
     </span>
     <span class='ocr_line' id='line_1_32' title="bbox 124 3300 1132 3410; baseline 0.011 -33"><span class='ocrx_word' id='word_1_223' title='bbox 124 3300 278 3381; x_wconf 85' lang='lat' dir='ltr'>sormam</span> <span class='ocrx_word' id='word_1_224' title='bbox 297 3330 403 3402; x_wconf 91' lang='lat' dir='ltr'>quam</span> <span class='ocrx_word' id='word_1_225' title='bbox 422 3312 524 3405; x_wconf 88' lang='lat' dir='ltr'>supra</span> <span class='ocrx_word' id='word_1_226' title='bbox 545 3310 799 3410; x_wconf 75' lang='lat' dir='ltr'>exposcimus,</span> <span class='ocrx_word' id='word_1_227' title='bbox 825 3312 1051 3389; x_wconf 87' lang='lat' dir='ltr'>sentiendum</span> <span class='ocrx_word' id='word_1_228' title='bbox 1068 3311 1132 3388; x_wconf 89' lang='lat' dir='ltr'>est.</span> 
     </span>
    </p>
   </div>
   <div class='ocr_carea' id='block_1_6' title="bbox 0 0 1254 4254">
    <p class='ocr_par' dir='ltr' id='par_1_6' title="bbox 0 0 1254 4254">
     <span class='ocr_line' id='line_1_33' title="bbox 0 0 1254 4254; baseline 0 5"><span class='ocrx_word' id='word_1_229' title='bbox 0 0 1254 4254; x_wconf 95' lang='lat' dir='ltr'> </span> 
     </span>
    </p>
   </div>
  </div>
 </body>
</html>
