2498 4254
86 172 160 255 254
411 146 816 241 ORIGENIS

85 293 177 395 sisset
192 315 230 388 in
250 332 317 387 eor
336 314 410 405 ejus
429 326 473 385 ut
489 313 649 386 traderet
667 310 870 410 Christum,
893 304 1020 409 postea
1037 318 1145 397 etiam

85 428 208 493 totum
228 398 391 487 Satanam
412 412 560 507 suscepit
585 416 622 486 in
646 413 743 488 sese:
778 415 946 508 scriptum
976 415 1027 489 est
1049 416 1154 493 enim

89 515 172 607 quia
192 514 273 608 post
293 514 469 587 bucellam
485 514 653 586 introivit
676 516 712 587 in
727 513 828 589 illurn
846 515 1004 590 Satanas.
1056 516 1145 591 Pau

86 618 143 697 lus
159 635 250 689 vero
267 611 450 706 apostolus
467 610 579 686 docet
592 634 660 685 nos
677 635 755 687 non
772 616 902 689 debere
921 614 1006 689 dare
1020 616 1145 693 locum

87 716 263 808 diabOIO,
282 714 336 804 fed
354 715 505 805 induite,
530 713 663 806 inquit,
688 739 777 785 arma
794 719 877 801 Der,
901 732 938 785 ut
955 736 994 811 po
1021 719 1081 785 rtis
1097 740 1148 793 τι,

86 818 180 993 (sare
199 816 348 904 adversus
368 813 499 910 astutias
517 814 648 886 diaboli:
682 813 864 911 designans
888 813 1049 887 sufflamen
1074 814 1145 893 effu

103 914 210 991 andis
237 939 305 987 non
326 915 479 1003 odansue
497 937 624 986 tarnem
641 912 679 991 U
697 915 900 1008 firnguiuem,
920 916 976 1003 sed
994 917 1146 1003 aduersus

83 1021 306 1115 principatus,
331 1014 480 1100 adversus
491 1016 671 1113 potestates,
697 1018 848 1103 adversar
864 1012 974 1085 muudi
983 1016 1082 1114 hujus
1096 1038 1147 1089 u·-

86 1113 184 1189 fims
201 1117 398 1188 tenebrarum
421 1116 561 1199 burum,
586 1116 732 1195 adversus
747 1117 912 1212 spiritalia
935 1128 1087 1207 nequitus
1108 1123 1146 1185 in

87 1216 259 1313 celestibus.
310 1213 381 1287 Sed
402 1213 435 1286 δι
457 1212 682 1289 Salvatorem
703 1212 909 1288 crucifixum
928 1213 997 1287 esse
1021 1215 1147 1291 dicita

42 1380 46 1391 ,
85 1316 304 1413 principibus
329 1314 433 1405 hujus
466 1314 589 1387 mundi
621 1314 681 1405 qui
714 1313 964 1405 destruentur,
991 1336 1146 1405 quorum

88 1415 195 1489 etiam
215 1412 423 1506 sapientiam
440 1412 528 1487 dicit
547 1412 582 1486 se
599 1434 675 1485 non
692 1415 804 1506 loqui.
856 1414 924 1487 Per
939 1414 1016 1487 haec
1036 1414 1145 1510 igitur

20 1586 32 1617 ,
87 1514 208 1588 omnia
227 1514 338 1587 docet
352 1533 423 1585 nos
442 1510 615 1604 scriptura
634 1513 756 1587 divina
776 1512 847 1587 elie
858 1514 1031 1605 quosdam
1051 1512 1145 1595 invi·

84 1614 201 1694 sibiles
214 1613 334 1687 hostes
347 1612 555 1685 dimicantes
570 1610 736 1687 adversus
756 1635 843 1705 nos,
868 1614 1079 1705 &precipit
1091 1634 1145 1691 ar·

84 1716 261 1794 marinos
288 1713 419 1786 debere
439 1728 567 1785 contra
585 1732 661 1787 eos.
728 1713 836 1787 Unde
860 1713 1145 1805 &simpliciores

88 1815 219 1906 quique
231 1814 394 1885 Domino
411 1810 551 1885 Christo
568 1812 789 1886 credentium
803 1810 1021 1903 existimant,
1045 1810 1146 1903 quod

87 1915 207 1987 omnia
227 1926 374 2005 peccata
386 1932 616 2004 quaecumque
632 1912 872 1987 commiserint
886 1912 1073 2004 homines,
1097 1932 1147 1991 ex

84 2011 157 2093 istis
177 2013 365 2085 contrariis
381 2012 574 2084 virtutibus
592 2026 749 2085 mentem
765 2011 1045 2102 delinquentium
1065 2030 1145 2105 per·

83 2113 294 2206 urgentibus
309 2108 417 2201 stant,
443 2130 512 2203 pro
530 2112 689 2202 eoquod
705 2112 742 2185 in
760 2113 954 2185 certamine
967 2109 1036 2183 isto
1051 2110 1144 2183 invi·

84 2211 174 2289 sibili
199 2210 399 2307 superiores
422 2210 651 2283 inveniantur
683 2211 890 2303 potestates.
949 2211 1063 2304 Quod
1094 2209 1142 2305 fi,

84 2309 190 2383 verbi
225 2308 351 2400 causa,
388 2306 550 2381 diabolus
575 2331 652 2383 non
677 2309 790 2405 esset,
822 2331 930 2385 nemo
956 2310 1145 2389 hominum

87 2409 239 2481 orrmino
261 2408 493 2500 delinqueret

159 2530 193 2583 n.
219 2507 301 2580 Nos
319 2529 412 2580 vero
433 2507 610 2581 rationem
630 2507 816 2581 dilucidius
837 2508 1040 2601 intuentes,
1065 2507 1143 2581 hut

84 2607 137 2693 ita
150 2605 219 2681 effe
234 2628 311 2680 non
325 2609 570 2698 arbitramur,
597 2608 861 2693 considerantes
880 2626 921 2681 ea
941 2629 1017 2700 quae
1033 2606 1143 2681 mani-

83 2705 172 2783 feste
190 2729 235 2781 ex
255 2709 437 2800 corporali
456 2706 658 2781 necessitate
681 2707 909 2783 descendunt.
967 2707 1029 2779 An
1050 2726 1142 2779 vero

83 2808 280 2902 putandum
305 2806 357 2880 est
387 2807 487 2901 quod
518 2806 680 2879 diabolus
714 2806 886 2881 esuriendi
917 2808 979 2880 vel
1003 2804 1143 2889 sitiendi

84 2906 189 2997 eausa
203 2908 309 2982 nobis
326 2904 479 2981 exiliat?
505 2900 696 2981 Neminem
717 2905 785 2980 elle
804 2924 896 3000 puto
913 2909 973 2998 qui
993 2906 1067 2979 hoe
1082 2926 1141 2979 au·

84 3006 168 3095 deat
181 3007 361 3082 affirmare.
414 3006 452 3079 Si
473 3025 561 3101 ergo
584 3005 757 3079 esuriendi
777 3006 965 3083 &sitiendi
983 3028 1061 3079 non
1075 3026 1143 3079 no.-

82 3106 138 3191 his
154 3106 227 3199 ipse
240 3106 284 3181 sit
304 3105 424 3199 causa,
453 3104 535 3197 quid
556 3106 649 3177 aliud
667 3127 748 3180 curn
762 3106 1042 3198 uniuscujusque
1055 3118 1140 3183 aetas

81 3207 127 3279 ad
150 3207 330 3279 virilitatis
351 3220 491 3298 tempus
511 3205 723 3298 advenerit,
755 3206 980 3299 &neutralis
1006 3206 1142 3285 caloris

81 3306 267 3393 incentiva
283 3302 510 3401 suggesserit?
538 3302 767 3395 Consequens
786 3305 836 3379 est
848 3306 920 3380 stne
937 3304 1075 3399 dubio,
1098 3316 1142 3391 ut

80 3403 171 3479 ficut
185 3402 357 3479 esuriendi
374 3405 409 3477 ta
428 3402 564 3479 sitiendi
587 3403 750 3481 diabolus
766 3404 868 3479 causa
890 3424 967 3479 non
991 3403 1065 3497 est,
1088 3404 1142 3491 ita

79 3523 150 3584 uec
174 3504 250 3597 ejus
277 3504 418 3597 quidem
437 3518 560 3589 motus
582 3504 642 3595 qui
660 3504 788 3578 adultae
810 3509 904 3578 retati
928 3504 1140 3577 naturaliter

81 3600 298 3699 suggeritur,
320 3605 357 3676 id
368 3604 418 3678 est
429 3604 618 3701 appetendi
631 3606 747 3677 coitus
763 3604 981 3681 desiderium.
1021 3607 1142 3703 Quam

82 3702 221 3777 causam
240 3725 316 3776 non
331 3706 454 3794 utique
474 3702 609 3797 semper
628 3726 648 3775 a
670 3704 818 3777 diabolo
838 3705 981 3778 moveri
1002 3718 1143 3785 certum

83 3801 136 3877 est
146 3856 162 3901 ,
188 3805 240 3881 ita
261 3816 303 3879 ut
325 3803 524 3901 putandum
543 3802 587 3881 su
607 3806 690 3899 quia
704 3804 732 3887 sr
745 3804 911 3891 diabolus
932 3826 1010 3979 minu
1023 3802 1153 3919 uellet,-

758 3970 761 3975 .
994 3926 1090 3999 uJus·
