2498 4254
287 140 966 239 nominatarum.
1082 114 1156 250 aaa

90 318 140 392 iia
161 316 221 406 qui
246 314 419 407 martyrio
438 292 564 386 nostro
591 309 790 387 aedificandi
807 309 898 387 sunt.
949 309 1065 387 Adest
1088 334 1157 387 no·

93 417 150 491 bis
185 431 326 508 tempus
360 412 557 485 Christiane
593 412 781 508 gloriandi.
831 412 898 482 Ait
929 413 1041 487 enim:
1074 418 1157 487 Non

86 518 188 608 solum
213 535 336 600 autam,
357 517 409 602 sed
434 514 473 589 Θ
494 514 669 605 gloriamur
693 518 731 584 in
754 510 1034 600 tribaaroanioon
1052 515 1157 603 sciara·
1217 574 1234 583 ..

96 631 144 688 tes
169 622 245 711 quia
272 616 442 684 tribuiirio
463 620 657 708 ‘patientiam
681 629 844 708 operatur:
866 616 1158 708 parimriaaoram

89 719 324 812 probationem:
356 715 497 810 probatio
527 730 632 782 autam
662 714 760 807 ipem:
786 713 854 807 spes
877 735 954 782 aero
986 737 1054 784 non
1078 738 1155 783 cam-

83 812 217 908 'sumiit
267 814 427 889 Tantum
458 814 602 882 charitas
639 816 703 884 Dei
738 813 849 903 infusa
883 810 927 885 stt
951 817 988 883 iro
1019 814 1166 885 cordibus.

92 915 209 1010 nostris
229 934 285 1006 por
316 917 468 1011 spiratum
495 912 654 1002 antium.
706 911 834 985 Paulus
868 911 1013 1003 quidem
1039 912 1169 986 dicat:-

94 1012 136 1087 St'
160 1014 321 1094 secuoodum
351 1016 505 1084 hominem
531 1016 571 1082 aci
601 1013 708 1108 bestias
730 1014 872 1108 pugnavi
907 1010 1019 1113 Ephrss
1032 1036 1043 1081 a
1071 1014 1155 1085 Nos

90 1122 229 1187 antem:
261 1114 503 1189 fisecundum
528 1113 714 1187 hominem
738 1110 879 1185 occi-suo
903 1108 977 1186 sum
1000 1113 1041 1184 in
1066 1109 1178 1184 Ger-2
1232 1110 1238 1119 “

90 1230 220 1290 manta.

165 1432 224 1498 42.
250 1409 286 1483 Si
313 1411 396 1506 ficut
429 1411 593 1482 mandant
631 1406 787 1506 pafflamos
827 1408 971 1499 christi,
1016 1415 1065 1480 ita
1100 1432 1154 1500 per

94 1511 253 1597 cinisium
278 1512 421 1581 abundat
447 1513 631 1593 connotatio:
666 1508 796 1581 summa
822 1509 1004 1582 alacritate
1029 1509 1154 1605 paffio·

89 1629 157 1686 nes
184 1607 311 1682 Christi
337 1609 581 1702 suscipiamus,
610 1604 853 1682 &abundent
876 1609 945 1681 illa:
967 1610 1004 1681 in
1029 1612 1159 1701 nobie

86 1710 114 1785 fi
135 1710 376 1782 abundantem
404 1711 693 1784 consolationem
714 1709 915 1802 appetimus
941 1727 1046 1797 quam
1067 1729 1156 1782 con·

87 1809 284 1898 sequentur
309 1830 437 1881 omnes
464 1812 523 1900 qui
550 1811 693 1902 lugent:
726 1806 824 1879 forte
850 1826 928 1879 non
956 1828 1002 1880 ex
1026 1828 1154 1899 aquo:

86 1906 115 1982 fi
148 1909 243 1981 enim
268 1909 412 1998 aequaiis
450 1907 655 1981 consolatio
683 1904 796 1999 esset,
830 1925 909 1979 non
935 1905 1024 1983 effet
1047 1905 1154 2001 scrip·

87 2019 190 2098 turn,
230 2011 322 2077 Sicut
354 2007 518 2078 abundant
555 2003 706 2100 paffiooas
743 2006 861 2101 Christi
898 2009 935 2075 in
968 2006 1080 2092 mahir,
1113 2007 1154 2100 fic

88 2107 231 2178 abundat
268 2106 308 2183 U
349 2107 512 2195 consolatio
552 2106 666 2203 mostra.
718 2107 793 2205 Qui
833 2103 921 2178 socii
956 2104 1177 2198 paffionum-

86 2204 193 2297 sunt,
219 2208 463 2299 proportione
489 2205 684 2301 paffionum
710 2224 796 2296 quas
824 2224 905 2277 cum
931 2203 1074 2279 Christo
1093 2225 1155 2297 pa·

87 2305 252 2395 ciuntur,
279 2305 367 2378 socii
393 2318 499 2378 erunt
525 2303 848 2383 &consolatione
900 2303 990 2379 Haec
1015 2305 1152 2379 abillo

87 2402 222 2477 discitis
246 2404 307 2496 qui
329 2400 559 2479 confidenter
585 2404 695 2479 dixit:
726 2404 849 2475 Scimus
874 2406 954 2503 quod
968 2404 1053 2501 ficut
1077 2405 1152 2491 socii

82 2500 258 2602 paffianam
282 2504 377 2602 asiis,
402 2505 448 2602 fic
474 2509 567 2577 tritis
591 2505 630 2579 (Ἰ
659 2504 887 2595 consolationis.
937 2501 1005 2578 Ait
1029 2517 1151 2578 autem

85 2624 153 2697 per
177 2605 394 2698 prophetam
420 2604 544 2681 Deus:
580 2599 730 2700 ‘limpore
759 2621 880 2699 accepta
904 2604 1058 2675 exaudivi
1093 2620 1149 2688 ra,

85 2701 137 2779 (r-
163 2707 200 2772 ia
223 2703 272 2772 die
296 2702 417 2791 salutis
447 2707 563 2800 adjuvi
594 2720 636 2779 ta.
687 2703 884 2801 Quodnam
919 2705 1028 2799 igitur
1056 2699 1153 2791 aliud

83 2815 228 2894 tempus
256 2803 441 2894 acceptius
472 2824 577 2896 quam
604 2814 863 2895 cumpropter
887 2800 1045 2875 nostram
1070 2820 1154 2896 erga

85 2900 209 2975 Deum
235 2902 272 2974 in
297 2897 441 2973 Christo
467 2904 641 2995 pietatem
666 2900 730 2972 iob
756 2898 954 2975 custodiam
986 2903 1024 2973 in
1050 2920 1154 2992 pom·

86 3022 135 3095 pa
161 2999 375 3072 incedentes
401 3001 438 3073 in
465 3002 623 3092 mundo,
654 2998 715 3073 sed
740 3000 1002 3094 triumphantes
1027 3001 1152 3093 potiua

87 3120 192 3190 quam
213 3099 441 3193 triumphati,
459 3097 698 3173 abducimur?
724 3095 907 3191 Martyres
928 3100 1024 3175 enim
1049 3098 1152 3171 (ibri-

85 3197 130 3274 sti
156 3219 237 3271 cum
261 3196 340 3292 ipso
367 3196 569 3295 exspoliant
603 3199 826 3292 principatus
862 3198 897 3273 δι
927 3196 1150 3293 potestates,

84 3318 169 3370 cum
201 3299 279 3390 ipso
313 3298 536 3392 triumphant
568 3298 681 3388 illos,·
704 3308 748 3375 ut
780 3317 862 3371 cum
895 3296 987 3371 socii·
1013 3297 1178 3371 fuerint·

82 3395 281 3492 pafflonum
307 3396 406 3489 ejus,
443 3396 490 3473 sse
516 3397 675 3474 &iniis
701 3417 779 3489 quae
805 3396 979 3489 patiendo
1004 3396 1151 3470 fortiter

82 3496 199 3592 gestit,
226 3510 363 3589 partem
390 3498 567 3573 habeant:
592 3498 688 3575 inter
713 3518 790 3588 quae
817 3495 978 3571 facinora
1004 3496 1150 3569 &illud

84 3594 139 3667 est
160 3590 388 3688 triumphaffe
407 3597 628 3688 principatus
654 3595 688 3667 &
714 3594 931 3689 potestatem
952 3615 1045 3686 quos
1070 3594 1148 3667 bre·

82 3694 124 3765 vi
151 3692 264 3765 vittas
290 3693 324 3765 δι
350 3694 553 3769 debellatos
591 3695 771 3769 videbitis.
823 3697 916 3794 Quae
941 3706 1062 3767 autem
1081 3694 1149 3766 alia

81 3793 233 3890 perinde
260 3793 338 3869 dies
362 3792 481 3879 salutis
507 3793 559 3876 est
583 3795 711 3971 acTilla
736 3814 806 3887 qua
830 3796 917 3883 hinc
941 3794 1005 3867 tali
1033 3790 1151 3871 modo

383 3945 387 3955 .
628 3903 732 3991 Ata
991 3910 1096 3975 exce·
