2498 4254
176 110 262 209 ou
309 70 649 209 sumemus,
698 106 877 194 amu
985 70 1067 197 ω’

68 262 166 369 isati,
176 320 180 328 .
190 266 285 350 vidit
299 276 485 371 quemdam
502 296 580 351 non
593 273 758 350 indutum
772 266 990 371 nuptialibus
1003 279 1062 355 io·-

68 376 204 471 asntis,
230 374 337 449 &ait
361 378 414 450 ei:
439 382 566 471 Amice,
609 380 731 449 mmsis
754 378 816 447 buc
839 378 970 475 intrasti
992 402 1063 453 mn

68 502 118 547 ms
131 478 350 547 indumerstum
365 473 534 575 nuptiale?
561 403 654 551 iim
668 483 718 549 ait
732 476 903 577 mim‘ssris:
930 478 1061 583 Ligan-

68 580 90 646 u‘
108 575 276 653 manus-o
286 578 377 675 pedes
390 583 511 649 mittite
528 603 596 648 eum
603 576 696 671 saras
719 583 756 647 in
770 574 910 648 rmeiras
924 585 1060 651 exterio·

97 676 142 743 ibi
156 681 220 746 erit
227 675 326 774 fletus
338 674 377 753 θ
386 677 679 774 stridordenriune,
711 674 848 750 Dicant
861 675 968 750 uobis
979 680 1058 771 quis
1138 732 1141 737 -

67 772 130 847 iste
147 794 212 847 rex
232 777 292 869 qui
308 775 477 872 ingressus
499 777 551 852 est
571 777 696 851 videre
717 776 996 881 discumbentes,
1021 780 1058 854 dr

68 874 189 948 eniens
212 876 306 950 inter
331 897 396 949 eos
422 876 607 969 quemdam
639 875 788 953 sordidis
816 875 1060 973 indumentis,

68 987 101 1048 et
118 996 202 1048 eum
222 974 382 1050 vinetum
406 996 471 1070 per
494 976 672 1050 ministros
692 972 775 1049 suos
794 975 831 1047 in
855 976 1057 1052 exteriores

68 1076 169 1147 ebras
204 1074 357 1151 detrudi.
414 1076 678 1168 Numquidnam
703 1074 766 1149 ille
791 1072 841 1148 est
873 1094 979 1168 quem
1001 1078 1059 1170 ju·

68 1172 265 1247 ndicunti
288 1172 339 1246 Et
360 1175 547 1267 quomodo
569 1177 690 1249 bonos
714 1194 755 1249 ac
777 1176 891 1251 majos
910 1172 1060 1268 jusserat

67 1273 167 1364 itari,
193 1294 263 1345 nec
276 1273 403 1348 merita
417 1298 437 1347 a
450 1274 611 1348 ministris
629 1271 794 1348 sciscitari
806 1276 1057 1369 praeceperat?

68 1373 183 1463 quod
203 1375 325 1464 utique
343 1394 421 1446 non
441 1371 521 1465 J'usti
542 1374 687 1467 alicujus
707 1370 770 1469 (ut
786 1373 841 1447 isti
855 1373 1002 1475 dicunt)
1020 1376 1059 1451 dr

86 1471 221 1545 meritis
246 1472 498 1563 retribuentis,
524 1473 584 1548 sed
603 1494 687 1571 erga
707 1492 833 1547 omnes
859 1473 1058 1555 indscrete

68 1569 230 1666 ignitatis
256 1572 433 1645 indicatur
458 1570 616 1651 affectus.
665 1571 702 1647 Si
727 1588 820 1645 vero
845 1572 985 1657 necesse
1004 1574 1058 1651 est

68 1669 139 1741 :de
161 1671 263 1744 bono
278 1669 384 1766 Deo,
409 1670 446 1745 id
460 1672 512 1746 est
529 1674 594 1763 vel
611 1672 656 1745 de
668 1669 831 1764 Christo,
854 1671 975 1747 uelde
995 1696 1059 1770 pa

72 1765 383 1868 Christiintelligi,
411 1772 495 1865 quid
515 1771 609 1847 aliud
626 1768 678 1847 est
697 1770 796 1865 quod
808 1770 904 1864 justo
920 1772 991 1847 Dei
1001 1774 1057 1869 ju·

68 1866 99 1941 io
115 1868 320 1959 objiciunt:
348 1871 421 1943 imo
442 1872 526 1963 quid
539 1874 611 1944 tale
626 1868 678 1945 est
697 1870 796 1961 quod
810 1872 848 1943 in
863 1870 948 1947 Deo
966 1875 1056 1971 legis

68 1966 254 2061 ninantur,
279 1971 381 2059 quale
398 1970 507 2045 estut
527 1992 609 2044 eum
625 1969 686 2065 qui
704 1969 747 2042 ab
763 1969 819 2042 his
834 1966 945 2067 servis
962 1992 1056 2065 quos

68 2062 140 2141 'erat
158 2088 295 2140 vocare
309 2070 428 2143 bonos
445 2069 626 2164 &malos,
651 2068 769 2142 fuerat
783 2068 987 2187 invitatus,³
1000 2072 1057 2166 J'ui

68 2178 101 2239 et
116 2186 186 2262 pro
209 2167 464 2244 sordidioribus
483 2169 698 2244 indumentis
717 2167 877 2255 vinetum
894 2171 1057 2249 manibus

68 2265 218 2357 ibusque
235 2266 272 2339 in
293 2273 491 2342 exteriores
508 2272 673 2351 tenebras
689 2267 931 2364 praecipitari?

75 2386 108 2457 3.
136 2362 188 2436 Et
205 2365 281 2439 haec
298 2369 439 2459 quidem
454 2367 611 2443 sufficere
632 2369 767 2447 debent
780 2388 857 2460 que
874 2367 1056 2449 exaudio·

68 2474 106 2537 te
132 2463 343 2539 assumsimus
365 2468 613 2560 scripturarum
640 2468 684 2541 ad
704 2466 899 2544 refellenda
915 2490 958 2542 ea
976 2490 1057 2565 que

68 2563 158 2637 etici
179 2564 379 2640 obtendere
394 2566 520 2643 solent
571 2568 661 2641 Non
678 2578 797 2641 nmen
812 2567 983 2645 indecens
998 2572 1056 2646 vi·

68 2664 163 2756 itur,
189 2664 214 2737 si
232 2668 338 2742 etiam
355 2688 401 2740 ex
415 2669 558 2743 ratione
570 2667 675 2765 ipsius
690 2663 953 2759 consequentiae
968 2678 1057 2763 paua

68 2784 210 2861 agamus
225 2786 306 2839 cum
323 2767 384 2841 eis.
415 2766 680 2865 Interrogamus
695 2785 783 2862 ergo
799 2790 864 2843 eos
878 2769 1060 2853 sinorunt,

68 2884 76 2935 s
90 2862 187 2935 ratio
204 2864 296 2958 apud
310 2865 473 2940 homines
488 2868 632 2957 virtut-is
648 2880 690 2940 ac
703 2866 846 2940 malitie
858 2869 1054 2965 habeatur,

68 2960 235 3036 :videtur
252 2962 472 3058 consequens
491 2966 582 3060 esse,
613 2978 656 3040 ut
668 2968 823 3040 virtutes
841 2968 998 3043 dicamus
1014 2969 1058 3044 iu'

68 3082 108 3155 s,
133 3059 363 3157 vel(utips1s
381 3065 547 3162 videtur)
560 3068 598 3141 in
613 3066 755 3141 duobus
769 3064 841 3140 isiis
856 3067 933 3145 diis.
983 3066 1056 3171 Re3

68 3159 200 3234 adeant
218 3162 291 3235 hoc
313 3186 477 3257 quoque:
502 3166 533 3240 si·
546 3166 691 3239 videtur
710 3167 761 3241 eis
778 3168 922 3241 bonitas
936 3166 1055 3241 virtus

88 3261 229 3355 aliqua,
265 3264 362 3355 quod
379 3276 472 3358 puto
491 3264 565 3339 sme
582 3264 692 3353 dubio
711 3266 943 3362 fatebuntur,
968 3266 1054 3360 quid

68 3380 107 3432 m
133 3361 257 3433 dicent
288 3362 333 3436 de
361 3362 520 3457 justitia?
552 3364 759 3459 Numquam
789 3365 979 3461 profesio,
1011 3380 1056 3453 ut

68 3459 85 3531 i
100 3459 271 3549 videtur,
306 3463 356 3535 ita
373 3463 563 3559 despient‚
595 3480 639 3539 ut
649 3465 817 3558 justitiam
833 3480 968 3563 negent
984 3465 1057 3541 eise

68 3570 184 3635 utem.
220 3557 318 3656 Ergo
333 3562 510 3639 sibonum
526 3566 644 3639 virtus
662 3564 697 3638 u
708 3562 842 3658 justitia
856 3568 974 3641 virtus
988 3564 1055 3661 est,

68 3658 207 3732 dubio
231 3659 362 3751 justitia
392 3665 536 3739 bonitas
569 3663 630 3740 est.
680 3664 840 3739 sivero
872 3665 1027 3740 dixerint
1038 3708 1057 3757 ,-

68 3756 160 3834 iesse
179 3759 319 3836 bonum
331 3761 518 3861 jutitiam,
540 3759 700 3864 superest
712 3775 831 3845 unsut
842 3762 1061 3937 rusiuurutflt,¹

591 3881 596 3893 ·
943 3883 964 3937 a
