2498 4254
97 200 168 273 154
346 121 829 253 ¹onlon'urs

94 334 220 415 Potest
234 350 354 411 autern
370 335 527 411 &tertio
541 337 639 412 sensu
653 339 741 411 illud
753 338 904 435 intelligi
916 336 962 413 de
976 336 1141 415 division

95 437 177 530 ista,
197 450 239 510 ut
255 439 425 528 quoniam
443 439 636 529 unicuique
655 436 815 513 fidelium
832 438 965 513 etiamn
986 442 1141 514 minimo

96 538 139 613 srt
154 540 190 611 in
212 536 386 626 ecclesia,
405 534 527 611 edesse
546 541 692 632 angelus
712 537 843 615 dicitur
860 539 921 628 qui
941 540 1051 613 etiam
1072 536 1141 615 sem

95 637 301 733 pervidere
323 635 450 709 faciem
469 637 540 709 Dei
554 639 662 731 patris
683 636 906 711 nSalvatore
921 637 1141 731 perhibeam

96 738 131 809 tr
146 738 206 809 hic
217 737 342 826 utique
357 756 467 807 unum
483 750 560 809 erat
572 758 653 810 cum
670 727 718 810 to
734 737 792 809 cui
810 750 979 829 praeerrt,
1007 736 1077 809 sris
1090 756 1141 831 pet

95 834 379 912 inobedientiam
401 832 573 909 efficiatur
593 837 778 932 indignus,
810 834 939 909 auferri
959 836 1005 909 ab
1020 856 1069 909 eo
1084 836 1141 911 Dei

95 936 242 1030 angelus
265 935 427 1024 dicatur,
454 933 596 1007 &tunc
620 957 700 1028 pars
724 938 823 1028 ejus,
848 935 886 1007 id
914 932 967 1007 est
990 935 1141 1009 humanu

97 1051 232 1111 naturae
250 1049 330 1128 pars
347 1031 466 1106 avulsa
486 1034 593 1107 aDei
611 1048 712 1127 parte
728 1055 811 1107 cum
824 1029 1028 1107 infidelibus
1044 1034 1141 1127 depu

95 1148 217 1226 tetur,
244 1135 413 1224 quoniam
438 1134 747 1207 commonitiones
770 1131 922 1229 appositi
938 1134 1001 1209 fibi
1027 1154 1047 1205 a
1067 1132 1139 1207 Deo

96 1234 213 1331 angeli
232 1250 309 1304 non
326 1227 482 1306 fideliter
503 1232 707 1310 custodivit.

172 1440 205 1513 8.
232 1427 303 1503 Sed
328 1430 362 1503 n
387 1432 585 1505 exteriores
611 1433 804 1525 tenebras,
838 1440 889 1511 ut¹
906 1448 977 1526 ego
990 1429 1137 1522 opinor,

98 1542 265 1605 nontam
284 1550 403 1604 aerem
417 1531 569 1621 aliquem
585 1531 773 1605 obscurum
791 1530 911 1603 &srne
925 1530 1003 1599 ullo
1020 1528 1136 1605 lumine

96 1629 368 1725 intelligendum
381 1642 496 1725 puto,
508 1714 511 1719 ,
523 1652 626 1720 quarn
645 1631 690 1703 de
706 1630 759 1703 his
776 1632 834 1721 qui
851 1626 1040 1721 prosundae
1051 1628 1137 1723 igno·

92 1731 218 1805 rantiae
235 1731 393 1803 tenebris
410 1730 561 1803 immersi
585 1745 686 1803 extra
711 1748 821 1803 omne
837 1726 1083 1823 intelligentis
1095 1726 1135 1797 lu·

93 1850 179 1905 men
194 1826 312 1903 effeiii
336 1827 426 1903 sunt.
477 1830 685 1904 Videndum
707 1848 853 1920 quoque
883 1824 958 1917 est,
982 1845 1030 1897 ne
1055 1824 1133 1897 forts

97 1934 204 2004 etiam
217 1926 305 2000 illud
317 1926 382 2002 iste
395 1926 509 2001 sermo
522 1926 717 2025 significet,
742 1927 840 2020 quod
857 1922 1136 2000 ficutsanuicor·

95 2050 187 2123 pora
202 2028 279 2115 sua,
305 2029 343 2099 in
364 2030 493 2119 quibus
514 2026 630 2101 sanste
646 2029 678 2099 δι
694 2046 783 2120 pure
806 2029 845 2100 in
862 2025 966 2116 huius
988 2024 1072 2101 vitae
1090 2022 1136 2095 br·

96 2128 334 2203 bitationibus
350 2130 540 2217 vixerunt,
565 2128 682 2199 lucida
705 2126 739 2197 br
764 2122 918 2219 gloriosa
942 2144 988 2195 ex
1005 2122 1135 2195 resbrrr·

95 2226 217 2301 trione
241 2223 454 2316 suscipient,
480 2227 530 2297 ita
544 2225 577 2297 ἃ
593 2225 690 2321 impii
712 2224 845 2316 quique
860 2224 973 2316 quiin
990 2222 1058 2295 hac
1075 2220 1136 2293 uitr

93 2344 257 2401 errorum
276 2324 443 2397 tenebras
469 2322 503 2395 &
525 2322 668 2397 nostem
695 2324 905 2419 ignorantiae
929 2323 1139 2411 direxerunt,

94 2421 254 2497 obscuris
280 2420 313 2492 δι
339 2424 424 2492 atris
442 2422 524 2516 post
547 2422 839 2497 resurreitionem
864 2422 1079 2518 corporibus
1099 2420 1140 2491 in·

93 2523 248 2596 duantur
262 2517 345 2617 (¹⁸),
371 2534 412 2594 ut
430 2544 471 2594 es
488 2524 560 2614 ipsa
577 2526 692 2618 caligo
710 2523 919 2615 ignorantie
934 2540 1013 2613 quae
1026 2522 1063 2593 in
1079 2520 1141 2599 buc

81 2620 233 2697 -mundo
248 2622 441 2693 interiores
458 2643 586 2696 eorum
608 2633 749 2696 mentes
770 2619 978 2712 obsederat,
1003 2622 1043 2695 in
1058 2618 1141 2693 futu·

93 2741 139 2796 ro
156 2741 221 2815 per
236 2722 394 2793 exterius
415 2725 581 2816 corporis
605 2732 775 2814 appareat
788 2720 1051 2797 indumentum.
1098 2714 1141 2789 Si

93 2823 228 2897 militer
255 2840 402 2912 quoque
425 2818 460 2891 &
485 2822 531 2895 de
553 2841 697 2895 carcere
719 2817 944 2893 sentiendum
968 2816 1031 2894 en
1079 2814 1141 2891 su

94 2918 269 2997 sufficiant
294 2917 358 2992 ista
382 2920 420 2991 in
445 2919 609 3015 presenti
641 2923 755 3010 loco,
779 2938 858 3009 que
882 2919 1028 2999 interim
1052 2931 1141 2991 nnnc

82 3034 153 3195 rga
168 3018 312 3196 dsicendi
343 3019 437 3093 ordo
468 3018 689 3110 servaretur,
722 3037 828 3112 quam
858 3014 1070 3112 pauciffimis
1098 3016 1141 3093 di·

81 3156 84 3161 ·
189 3132 268 3197 unt.

930 3309 1101 3393 CAPUT

168 3511 227 3611 (¹⁸)
254 3517 327 3614 Iisfi
336 3514 426 3609 forre
438 3533 545 3611 corpus
559 3514 615 3587 suc
627 3520 739 3612 pingue
758 3530 855 3612 atque
872 3527 1033 3585 terrenum
1052 3516 1141 3609 casr‘gr

94 3614 135 3693 (7
166 3616 298 3687 tenebra
327 3617 525 3687 nominanda
548 3615 649 3703 sunt,
672 3638 728 3712 per
751 3616 830 3713 quod
861 3613 1141 3705 consummabor

95 3718 227 3803 mundo,
251 3740 321 3785 cum
352 3712 463 3808 neceffi
480 3713 589 3807 fuerit
613 3721 652 3786 in
676 3717 774 3786 alium
807 3714 943 3805 transtra
974 3718 1141 3805 mundum,

74 3816 222 3989 adulfinus
239 3817 387 3893 nascemi
400 3817 500 3903 sumet
512 3818 649 3893 morsis.
674 3814 828 3901 Hieron.
843 3811 972 3893 Versto
989 3816 1028 3893 in
1048 3814 1141 3917 epist,

78 3936 102 3987 r
188 3916 316 3997 ritum.
