2498 4254
87 170 185 265 ιε’·
305 162 858 265 forratura·
950 240 953 245 .
1034 228 1045 261 Ι

1 429 2 436 Ν
88 349 208 445 prium
231 365 427 440 corporum
442 344 515 441 est,
551 347 626 421 hoc
641 368 711 421 nec
737 347 783 421 de
798 356 900 440 patre
916 343 993 441 est,
1025 364 1098 423 nec
1115 346 1184 435 de,

89 446 169 525 filio
193 445 424 522 sentiendum.
475 446 587 542 Quod
612 468 705 520 vero
736 447 781 519 ad
810 457 973 519 manuam
997 448 1159 543 pertinet

89 546 263 639 deitatis,
293 548 367 620 hoc
389 548 482 623 inter
501 562 639 640 patrem
659 543 821 620 &lilium
844 544 995 619 constat.
1045 544 1159 620 Deni-
1186 631 1191 641 Ι

90 654 161 739 que
175 647 281 721 etiam
298 643 371 739 ipse
390 648 427 719 in
446 649 635 742 evangelio
655 667 732 719 non
749 646 860 736 dixit,
887 645 968 737 quia
980 666 1092 719 nemo
1104 645 1158 721 vi·

89 746 145 820 dit
157 760 297 841 patrem
310 744 374 819 nisr
387 742 500 838 filius,
526 768 645 838 neque
658 743 772 820 filium
786 745 850 833 nili
865 760 991 838 pater,
1017 742 1079 820 sed
1092 747 1158 821 aitt
1180 774 1194 809 ·-

88 849 193 921 Nemo
207 850 421 939 novitfilmm
434 848 496 944 nist
509 864 621 943 pater,
645 871 746 943 neque
761 852 969 943 patrem-quis
983 848 1082 915 novit
1097 844 1158 936 nifi

76 947 190 1037 filius.
239 944 297 1019 Ex
316 967 390 1037 quo
410 945 591 1020 manifeste
607 945 784 1019 indicatur
798 944 898 1034 quod
920 943 1092 1035 quidquid
1107 946 1155 1018 in·

88 1058 147 1118 ter
159 1058 302 1120 naturas
313 1067 510 1138 corporeas
523 1046 639 1119 uideri
654 1044 825 1117 &videre
841 1043 992 1135 dicitur,
1017 1045 1093 1117 hoc
1107 1047 1156 1117 in·
1187 1104 1193 1111 .

86 1158 146 1221 ter
163 1160 302 1240 patrem
326 1142 487 1218 &filium
502 1142 722 1242 cognoscere
747 1144 876 1216 dicitur
903 1142 938 1215 tc
962 1141 1154 1238 cognosci,

86 1265 154 1338 per
172 1246 344 1319 virtutem
361 1243 535 1337 scientiae,
561 1267 639 1317 non
663 1263 728 1345 per
754 1241 967 1323 visibilitatis¹
992 1241 1157 1338 fragilita·

86 1360 173 1418 tem.
232 1345 328 1445 Quia
346 1342 454 1441 igitur
472 1345 516 1417 de
533 1346 751 1437 incorporea
766 1355 894 1415 natura
912 1340 947 1413 bt
967 1339 1153 1437 invisibili,

85 1463 157 1518 nec
173 1444 299 1517 videre
308 1445 455 1538 proprie
469 1443 620 1537 dicinu,
644 1443 860 1517 necviderit
883 1440 1022 1513 idcirco
1039 1446 1154 1533 neque

85 1556 191 1636 pater
211 1540 345 1637 atilio,
372 1565 489 1638 neque
507 1539 601 1617 filius
618 1564 640 1632 a
658 1555 762 1638 patre
774 1540 892 1615 videri
906 1540 946 1615 in
963 1540 1155 1638 evangelio

5 1664 8 1669 ’
85 1642 237 1736 dicitur,
263 1640 323 1716 fed
340 1641 524 1739 cognosci.
825 1646 829 1662 ’

160 1766 195 1838 9.
222 1742 335 1839 Quod
351 1743 574 1837 srproponat
588 1741 695 1816 nobis
715 1741 838 1834 aliquis
855 1793 869 1834 ,
897 1761 1005 1834 quare
1025 1739 1156 1823 uoua

84 1839 158 1916 est:
184 1845 281 1915 ¹Bruti
303 1846 420 1915 mundo
443 1845 556 1929 corde,
589 1847 735 1940 quoniam
766 1842 820 1938 r'pfi
851 1850 953 1913 Deum
976 1844 1154 1913 videbam:

84 1944 204 2019 multo
219 1944 329 2039 magis
348 1944 454 2017 etiam
473 1943 611 2017 exhor
634 1940 697 2039 (ut
717 1963 786 2037 ego
812 1939 991 2040 arbitror)
1009 1940 1166 2019 assertio·

83 2041 207 2117 nostra
221 2040 437 2117 firmabitur:
461 2064 543 2116 nam
561 2043 645 2134 quid
659 2043 753 2114 aliud
768 2040 818 2114 est
834 2040 946 2115 corde
964 2040 1086 2116 Deum
1100 2042 1156 2119 vie

84 2142 195 2232 dere,
220 2142 281 2214 nili
302 2140 494 2215 secundum
509 2141 545 2213 id
563 2142 661 2233 quod
671 2139 774 2233 supra
788 2139 1154 2233 exposuimusmente

82 2261 169 2315 eum
190 2240 390 2338 intelligere
414 2253 521 2332 atque
540 2238 793 2335 cognoscere?
818 2239 1041 2332 Frequenter
1059 2241 1157 2319 enim

29 2386 33 2397 ·
82 2336 295 2413 sensibilium
315 2341 557 2414 membrorum
577 2339 724 2414 nomina
749 2340 793 2412 ad
821 2340 971 2413 animam
992 2337 1154 2413 referun-

82 2449 164 2531 tur,
190 2439 241 2509 ita
255 2454 298 2511 ut
315 2440 430 2513 oculis
452 2439 572 2513 cordis
592 2439 716 2512 videre
735 2439 896 2533 dicatur,
921 2438 1053 2533 idest,
1078 2440 1154 2513 vir·

83 2550 165 2611 tute
181 2536 424 2636 intelligentia
441 2538 574 2631 aliquid
591 2537 830 2615 intellectuale
847 2537 1041 2635 conjicere.
1092 2538 1154 2611 Sic

82 2636 121 2709 dt
144 2636 266 2710 audire
288 2639 430 2712 auribus
457 2639 614 2733 dicittu,
646 2659 729 2711 cum
751 2635 886 2713 sensum
906 2638 1154 2733 intelligentiae

81 2736 330 2829 profundioris
349 2739 517 2814 advertit
567 2737 626 2812 Sic
649 2738 684 2810 oz
700 2739 754 2809 uti
775 2758 851 2811 eam
865 2734 966 2829 polle
982 2737 1152 2811 dentibus

83 2836 255 2927 dicimus,
284 2857 366 2911 cum
379 2837 536 2930 mandit,
561 2836 739 2933 &panem
753 2836 912 2910 comedit
926 2838 1010 2910 vitae
1023 2836 1083 2927 qui
1102 2836 1158 2911 de-

83 2938 178 3009 'coelo
193 2934 385 3012 descendit
435 2936 603 3011 Similiter
624 2936 659 3010 bt
680 2936 815 3009 caeteris
835 2936 889 3007 uti
907 2936 1153 3013 membrorum

82 3034 211 3109 officiis
229 3035 383 3129 dicitur,
410 3057 487 3128 quae
505 3059 550 3111 ex
572 3034 754 3130 corporali
773 3036 1015 3128 appellatione
1036 3047 1153 3111 trau&

19 3157 23 3165 ·
79 3134 155 3208 lata
170 3136 366 3209 virtutibus
394 3137 517 3210 animae
542 3146 776 3227 coaptantur,
801 3134 891 3207 srcut
915 3134 1151 3209 &Salomon

81 3232 189 3307 dicit:
216 3236 350 3325 Sensum
369 3238 516 3308 divinum
538 3240 696 3308 inuenies.
746 3233 889 3309 Sciebat
904 3254 1057 3327 namque
1072 3234 1150 3307 duo

80 3352 215 3430 genera
231 3334 299 3408 elle
316 3333 474 3409 sensuum
498 3338 535 3407 in
556 3336 692 3427 nobis,
722 3354 832 3409 unum
856 3355 966 3428 genus
986 3332 1151 3413 sensuum

80 3433 255 3529 mortale,
288 3435 551 3527 corruptibile,
576 3434 795 3510 humanum:
821 3434 914 3509 aliud
945 3452 1056 3529 genus
1081 3435 1147 3505 im-

79 3533 258 3626 mortale,
281 3533 317 3605 &
334 3533 594 3629 intellectuale,
621 3533 720 3625 quod
736 3552 832 3607 nunc
849 3532 1011 3605 divinum
1030 3534 1147 3605 nomi·

80 3632 194 3707 navit.
244 3633 329 3706 Hoc
350 3654 437 3730 ergo
459 3631 558 3706 sensu
582 3632 708 3706 divino
729 3654 806 3707 non
831 3636 1051 3723 oculorum,
1084 3632 1146 3706 sed

81 3730 201 3807 cordis
216 3731 362 3827 mundi,
388 3736 466 3824 qu'ae
487 3733 537 3808 est
548 3754 669 3824 mens,
696 3731 798 3805 Deus
813 3733 991 3825 videriab
1007 3732 1061 3804 his
1082 3733 1145 3823 qui

80 3832 179 3935 digni
196 3830 278 3909 sunt
295 3832 427 3939 potest
485 3833 561 3919 Cor
587 3830 668 3909 sane
684 3853 754 3945 pro
775 3846 926 3939 mente,
950 3829 1144 4005 idilelstelpro
