2498 4254
295 64 1174 227 aomaar.ua1um.„673
1245 130 1247 137 ·

97 272 358 367 ficaverimus‚
384 293 430 347 an
443 273 544 370 supra
564 270 740 369 perram&
762 270 960 345 foderimus
980 269 1018 344 in
1038 270 1175 353 ultuma

101 396 151 450 an
173 373 277 466 super
302 394 448 447 arenam
470 372 538 471 fine
551 371 789 464 fundamento,
821 368 975 464 praesens
1005 366 1174 473 ostendet

99 487 301 547 certamen.
351 468 464 546 Instat
490 474 586 547 enim
616 468 808 563 tempestas
827 471 942 561 ferens
961 470 1108 567 pluviam
1133 470 1175 547 (5

83 564 238 674 ‘flemma
265 571 304 649 <5
325 589 463 649 ocutosg
500 574 585 663 vel,
609 584 653 645 ut
674 570 962 662 Lucas‘uocat‚'
986 574 1174 640 inundatio·

96 698 174 745 nem
191 672 272 759 ,·-&
296 672 375 747 hare
402 671 491 746 illisa
513 673 667 764 domui,
701 671 762 743 vel
790 690 866 742 non
891 683 1068 761 poterunt
1093 692 1174 744 eam

95 792 284 865 movere,
317 768 351 845 δι
378 783 573 865 propterea
597 791 674 844 non
701 768 807 843 cadet
836 767 997 862 domus,
1036 772 1173 863 quippe

88 875 193 966 supra
211 889 336 967 perram
362 870 523 971 Christum
543 871 709 963 fundato:
744 869 806 942 vel
831 864 972 943 aedificii
1005 869 1172 967 debilita-

96 984 177 1048 tem
199 984 350 1067 arguent
368 969 468 1065 quod
489 968 643 1045 instante
665 968 857 1047 occasione
877 964 1043 1046 corruet:
1070 968 1172 1063 quod

97 1070 273 1159 anostris
298 1070 387 1144 absrt
411 1066 582 1146 edificiis.
637 1066 701 1141 Est
724 1069 820 1141 enim
841 1067 1035 1143 admodum
1059 1093 1172 1161 magna

95 1171 138 1257 in
153 1173 352 1266 negatione
368 1176 486 1256 ruina3
514 1172 597 1261 vel,
622 1182 665 1243 ut
680 1167 799 1243 Lucas
821 1168 891 1258 ait,
911 1166 1036 1259 fraiiio
1059 1194 1171 1260 magna

96 1266 240 1345 edificii
273 1270 373 1362 quod
396 1269 636 1344 fundamento
660 1280 771 1347 earet.
823 1267 1071 1365 Quamobrem
1099 1289 1169 1341 tros

94 1388 291 1465 precemur
306 1380 351 1443 ut
364 1366 586 1444 affimiiemur
606 1375 679 1439 viro
692 1368 835 1463 sapienti
852 1372 909 1463 qui
922 1367 1097 1458 adificroir
1115 1371 1170 1438 do·

94 1493 183 1541 mum
189 1471 283 1559 fliam
288 1469 389 1564 supra
397 1484 533 1571 perram.
559 1468 698 1545 Veniat
713 1468 809 1541 enim
825 1465 868 1539 ad
888 1467 960 1540 tale
975 1463 1168 1548 edificium

95 1567 245 1644 immissa
278 1596 298 1640 a
328 1568 552 1666 spiritualibus
578 1573 728 1667 nequitia
757 1571 794 1636 in
829 1564 990 1662 caeleflr'bus
1023 1567 1168 1661 pluvia,

96 1682 163 1745 aut
193 1668 341 1744 flumina
363 1669 595 1746 inimicorum
622 1664 830 1743 nostrorum
850 1669 1092 1764 principatuum
1127 1664 1169 1744 dr·

94 1772 311 1866 potestatum,
347 1781 452 1843 aute
484 1770 597 1839 munii
625 1766 796 1841 verioribus
821 1766 1021 1838 tenebrarum
1050 1770 1168 1838 irarum

95 1870 203 1942 venti
228 1856 370 1961 asperi,
413 1880 476 1941 aut
501 1868 692 1943 inundatio
722 1864 1038 1941 subterraneorum
1070 1865 1169 1960 spiri·

93 1978 232 2060 tuum,
263 1964 372 2058 saque
395 1966 537 2041 illidam
561 1966 716 2043 edificio
737 1963 865 2039 nostro
894 1964 998 2060 supra
1023 1979 1166 2058 petram

93 2067 270 2141 fundato:
296 2078 339 2139 ut
357 2086 437 2140 non
455 2067 569 2142 modo
589 2089 667 2157 uon
682 2065 776 2163 lapsa
796 2065 909 2140 domo
934 2062 1076 2158 nostra,
1103 2064 1165 2143 sed

92 2186 150 2241 ne
167 2166 211 2239 ab
233 2166 341 2249 initio
360 2163 505 2257 quidem
528 2165 725 2259 concuba,
761 2166 835 2239 vim
859 2165 982 2258 potius
1004 2162 1165 2243 nostram

93 2266 349 2358 experiantur,
368 2285 474 2357 quam
488 2263 763 2342 suaminserant.
814 2263 1165 2341 Dicatetiamunus·

94 2366 251 2457 quisque
270 2362 433 2467 nostrum
455 2363 677 2442 adversarios
697 2366 932 2463 percutiens:
965 2361 1020 2466 Sic
1037 2385 1163 2468 pugno,

91 2488 164 2539 mou
185 2463 273 2566 quast
293 2490 396 2539 aerem
417 2464 602 2548 verberans.

166 2684 229 2759 49.
253 2660 433 2739 Praeterea
454 2664 749 2761 quandoquidem
767 2669 851 2736 exiir
874 2668 931 2763 qui
950 2664 1093 2753 seminar
1110 2665 1160 2756 se.

89 2766 239 2847 minare,
273 2760 558 2843 demonstremus
580 2768 734 2840 animam
756 2762 915 2847 nostram
934 2762 1059 2867 semem
1083 2766 1160 2857 eJus

87 2855 304 2955 suscepisse,
340 2882 418 2939 nort
442 2866 564 2955 utqui
586 2862 687 2945 secus
707 2864 804 2941 viam
823 2862 930 2957 sunt,
969 2884 1091 2963 neque
1117 2878 1162 2939 ur

88 2960 261 3061 petrosa,
287 2981 409 3053 neque
424 2973 464 3037 ut
484 2963 612 3057 spine,
638 2960 698 3043 sed
715 2975 756 3037 ut
772 2974 867 3043 terra
884 2964 994 3038 bona.
1046 2965 1082 3035 Si
1097 2965 1161 3059 igi·

87 3074 152 3137 tur
170 3080 290 3151 neque
307 3058 407 3138 secus
426 3061 547 3156 viam,
573 3084 693 3155 neque
709 3061 815 3159 super
829 3061 945 3159 spinae
966 3066 1070 3141 venit
1092 3063 1160 3136 ser·

87 3182 153 3237 mo
172 3158 276 3259 Jesu‚
302 3163 531 3253 quantumin
554 3165 662 3238 nobis
684 3160 757 3254 est,
783 3163 820 3236 in
839 3162 1005 3241 Domino
1029 3165 1160 3259 gloria·

87 3263 218 3337 bimur.
270 3259 518 3335 Intelleximus
543 3266 639 3337 enim
663 3264 828 3342 verbum,
888 3263 1011 3361 Quare
1041 3264 1159 3337 malua

86 3380 167 3437 noo
191 3360 311 3454 rapuit
330 3361 429 3453 quod
454 3359 665 3438 seminatum
687 3360 739 3437 est
759 3364 797 3436 in
817 3361 989 3435 cordibus
1012 3360 1157 3441 nostris.

89 3459 204 3559 Quod
224 3473 346 3535 autem
365 3457 470 3553 super
487 3460 603 3555 spinas
626 3461 836 3541 seminatum
856 3482 934 3534 non
956 3460 1016 3548 stt,
1050 3463 1157 3535 multi

86 3560 197 3633 nobis
231 3556 340 3631 testes
373 3566 481 3633 erunt
506 3575 692 3655 quotquot
723 3562 857 3635 vident.
884 3580 1004 3659 neque
1036 3561 1156 3641 saeeuli

87 3654 186 3732 istius
220 3654 523 3753 sollicitudinem,
557 3682 678 3755 neque
710 3660 886 3734 fallaciam
920 3660 1154 3753 divitiarum,

86 3776 209 3849 neque
226 3759 437 3850 voluptates
463 3760 547 3835 vitae
568 3758 725 3860 poruiss'e
749 3759 920 3836 obsistere
942 3762 1058 3834 verbo
1079 3759 1156 3841 Des

140 3862 290 3955 origenis
319 3851 406 3937 aaa.
433 3858 498 3936 lis.
539 3922 549 3953 ,
671 3859 748 3936 Uu
970 3858 1102 3939 nostrie
