2498 4254
101 168 104 175 ·
256 160 333 242 nr
372 156 719 269 immorans,
762 134 962 237 'muru
1069 98 1140 256 253
1233 244 1236 249 ,

84 331 151 404 dax
170 333 210 401 in
228 352 279 402 ore
299 334 435 400 omnium
454 324 674 425 prophetorum
690 323 788 422 ipſsus.
841 318 890 395 Et
906 324 1015 394 dixit:
1040 324 1140 395 Sedu·

85 458 159 519 ces,
185 429 224 507 ss
243 434 368 527 quidem
391 446 520 525 poteras.
574 428 642 497 Exi
661 448 746 519 argo,
770 421 810 501 ὅ
824 422 883 519 fac
903 428 965 493 cita
987 422 1039 516 fir.
1089 424 1141 497 Et

84 556 176 603 nuuc
201 533 285 603 dedit
313 536 469 601 Dominus
488 529 640 625 spiritam
665 527 837 596 mmdacem
865 528 902 594 in
925 548 977 595 ore
1000 528 1140 594 omnium

140 633 309 728 plastarum
337 647 485 701 tuorums
520 630 661 698 dominus
681 622 856 721 hcuiusess
879 628 968 719 super
985 639 1017 692 te
1040 626 1138 701 mma.

82 652 280 805 ffianifeste
303 732 396 802 enim
410 748 474 822 per
494 726 568 801 hoc
584 722 781 799 ostenditur
798 722 1040 815 voluntate&
1057 744 1142 820 pro·

84 831 207 924 posito
229 828 293 902 suo
318 827 456 924 elegisse
476 826 615 920 spiritus
638 824 778 917 quidam
800 836 843 897 ut
864 824 1070 919 seduceret,
1104 825 1141 899 dt

83 929 312 1003 mendacium
338 942 546 1021 operaretur
565 947 638 1017 quo
667 928 874 998 abuteretur
897 924 1077 999 Dominus
1095 924 1141 999 ad

84 1050 216 1103 necem
228 1027 355 1101 Achab
373 1030 431 1119 qui
446 1027 601 1120 hocpati
618 1025 741 1122 dignus
750 1038 837 1098 erat.
863 1025 906 1097 ln
922 1026 1038 1118 primo
1051 1044 1141 1117 quo·

84 1149 160 1221 que
174 1128 270 1199 libro
287 1128 605 1221 Paralipomenon,
627 1126 817 1215 softirovir,
842 1125 978 1218 inquit,
1004 1127 1143 1198 dicium

85 1232 197 1300 Saron
217 1239 253 1297 m
275 1232 390 1315 lsrael,
421 1223 462 1303 si
474 1233 646 1296 cantitavit
667 1226 775 1297 David
795 1242 833 1295 ri
848 1240 1030 1297 numerare!
1048 1245 1143 1322 popu·

84 1329 165 1400 lum.
215 1327 256 1400 ln
273 1326 409 1420 psalmis
430 1346 522 1399 vero
541 1326 684 1429 angelus
703 1327 815 1399 malus
839 1337 994 1399 atterere
1010 1325 1142 1401 dicitru

88 1425 275 1520 quosdam.
336 1428 377 1500 ln
401 1424 609 1499 Ecclesraste
630 1445 774 1517 quoque
796 1424 970 1500 Salomon
992 1427 1065 1501 ait:
1102 1432 1144 1500 Si

87 1530 222 1625 spiritus
234 1528 409 1625 porussiam
425 1530 573 1597 habentis
584 1526 855 1623 ostenderit-super
867 1544 920 1613 re,
945 1532 1042 1597 locum
1053 1546 1143 1600 tuum

86 1653 134 1699 ne
146 1630 308 1709 dimittas,
334 1634 480 1725 quoniam
488 1628 614 1716 sortitos
631 1628 787 1721 compescet
804 1644 925 1717 peccato
937 1631 1047 1704 musto.
1098 1629 1143 1705 In

86 1727 264 1803 Zacharia
288 1746 380 1799 vero
409 1727 556 1822 legimus
587 1726 768 1799 diabolum
794 1724 942 1799 stantem
965 1748 984 1800 a
1009 1729 1145 1803 dextris

87 1823 188 1922 Jesu:
217 1827 250 1899 u
269 1826 483 1899 resistentem
500 1827 544 1898 ei.
595 1823 711 1897 Esaias
727 1845 820 1897 vero
838 1827 888 1897 ait
901 1826 1053 1921 gladium
1067 1830 1144 1903 Do·

85 1928 177 2002 mini
193 1923 378 2022 exsurgere
392 1923 495 2018 super
510 1924 703 2029 draconem
716 1924 912 2020 serpentem
926 1926 1144 2019 perversum.
1240 1938 1244 1945 '

87 2027 194 2125 Quid
211 2040 328 2099 autem
347 2028 460 2099 dicam
481 2023 524 2097 de
540 2023 711 2097 Ezechiel
727 2025 764 2097 in
783 2024 933 2099 secunda
952 2026 1087 2100 visione
1101 2028 1146 2104 ad

88 2127 291 2221 principem
318 2124 410 2219 Tyri
426 2122 709 2198 “manifestissime
735 2125 779 2198 de
805 2127 941 2199 virtute
965 2132 1147 2205 contraria

89 2227 355 2320 prophetante,
383 2226 442 2317 qui
458 2227 563 2299 etiam
584 2224 621 2297 iu
635 2224 837 2297 fluminibus
856 2224 1007 2321 AEgypti
1022 2227 1147 2303 draco·

88 2346 177 2400 nem
193 2325 279 2398 dicit
298 2324 483 2400 habitare?
509 2323 631 2395 Totus
649 2340 767 2397 autem
780 2325 889 2420 liber,
915 2327 975 2417 qui
996 2320 1147 2424 scriptus

94 2424 148 2498 est
171 2426 214 2497 de
239 2427 330 2521 Job,
357 2425 441 2516 quid
464 2425 576 2515 aliud,
603 2445 707 2514 quam
731 2423 777 2498 de
797 2426 943 2499 diabolo
962 2428 1147 2526 continet,

90 2540 245 2620 petente
257 2525 470 2619 potestatem
483 2523 625 2597 srbidari
634 2524 813 2620 omnium,
839 2548 916 2619 que
935 2527 1147 2624 habetJob,
1241 2584 1244 2589 -

90 2625 131 2697 ἃ
156 2624 313 2699 filiorum
331 2628 426 2719 ejus,
462 2621 600 2718 insuper
626 2624 791 2716 corporis
814 2625 916 2719 ejus?
943 2627 1017 2723 Qui
1029 2641 1149 2705 tamen

91 2746 162 2818 per
173 2726 248 2817 ejus
264 2727 469 2816 patientiam
487 2725 655 2796 vincitur.
704 2722 747 2796 In
762 2746 836 2823 quo
854 2728 948 2799 libro
966 2727 1149 2804 multare·

91 2823 230 2918 sponsis
241 2823 307 2896 suis
323 2824 470 2897 edocuit
483 2823 664 2895 Dominus
682 2823 727 2896 de
739 2824 947 2899 adversante
957 2827 1062 2899 nobis
1077 2830 1150 2901 vir·

93 2940 177 2998 tute
195 2925 371 2999 draconis.
421 2922 510 3003 Haec
529 2922 669 2994 interim
693 2944 738 2995 ex
759 2927 872 3000 veteri
890 2924 1149 3027 Testamento,

94 3037 268 3120 quantum
289 3024 332 3096 ad
348 3018 496 3116 praesens
509 3022 690 3097 memoriae
706 3021 910 3100 succurrere
928 3038 1151 3125 potuerunt,
1216 3036 1221 3043 '

95 3127 190 3202 dida
205 3124 273 3196 fint
287 3124 331 3195 de
344 3144 390 3196 eo
406 3123 503 3214 quod
520 3123 707 3195 contrariae
720 3124 875 3200 virtutes
894 3128 954 3198 vel
965 3125 1152 3203 nominau-

94 3225 207 3299 turin
221 3223 426 3318 scripturis,
452 3225 513 3294 vel
528 3224 684 3295 humano
708 3229 827 3320 generi
846 3227 1152 3325 dicunturadver·

96 3326 186 3416 sari,
212 3323 439 3416 postmodum
461 3324 658 3416 puniendae.
684 3408 688 3417 ‚
710 3325 904 3399 Videamus
923 3338 1042 3399 autem
1060 3327 1095 3401 dt
1112 3330 1152 3403 in

95 3446 205 3502 novo
223 3420 260 3494 Τ
262 3422 480 3513 estament0,
514 3423 573 3494 ubi
595 3423 740 3495 Satanas
762 3426 804 3498 ad
819 3425 1033 3499 salvatorem
1053 3448 1153 3503 acce·

98 3528 173 3619 dit,
200 3536 342 3596 tentans
359 3543 459 3599 eum:
486 3521 624 3614 spiritus
640 3542 733 3595 vero
748 3526 912 3623 maligni,
935 3524 1153 3603 &demonis

96 3624 278 3700 immunda
301 3643 377 3714 quae
401 3626 599 3713 aliquantos
628 3621 864 3718 obsederant,
899 3621 1018 3722 fugata
1036 3626 1155 3699 sunta

96 3726 290 3799 Salvatore
311 3724 354 3795 de
376 3725 589 3818 corporibus
615 3727 851 3817 patientium,
879 3727 936 3819 qui
960 3725 995 3797 d
1013 3724 1155 3799 liberati

99 3827 144 3899 ab
163 3847 208 3900 eo
225 3822 406 3901 dictantur,
451 3823 522 3899 Sed
541 3825 577 3897 dt
596 3821 703 3919 Judas
718 3844 801 3901 cum
820 3826 891 3923 iam
907 3826 1163 3995 dmssums'

1098 3942 1125 3993 e
