2498 4254
224 141 305 225 DE
350 123 692 241 tumul-’1183
741 140 899 225 ultr.
1040 164 1092 247 st

58 306 225 395 irritata
242 316 430 404 exponens
445 309 483 383 in
498 328 546 383 eo
563 306 647 383 dum
667 306 779 383 dicit:
814 307 998 409 Dinifinres
1013 311 1095 401 [m

58 434 207 499 ntorum,
232 414 313 481 idem
329 426 433 481 artem
441 409 598 506 spiritus:
622 403 662 484 ὅ
677 408 844 503 dinifirnts
854 410 939 500 sunt
954 410 1093 507 mirific-

58 519 176 602 inrrm,
201 512 281 581 idem
294 527 403 585 ,anem
424 512 610 583 Dominus:
637 504 677 587 Θ
690 509 858 608 divt'finnn
873 513 1094 609 opcrarianm

58 628 135 700 nrt,
160 610 243 680 ἰάσω
263 601 367 683 artem
392 613 479 681 neus
501 613 559 707 qui
580 625 728 705 operatur
748 616 854 683 amnia
875 616 915 681 in
933 612 1094 685 ambus·

58 714 218 808 inicuique
240 728 346 782 nutem
371 711 468 779 riatur
490 708 702 807 manr'fqiatir
710 710 851 803 spiritur
867 710 1037 805 sunnam
1055 712 1094 786 td

58 814 111 883 aad
126 809 265 907 expedit.
313 808 371 881 Ex
391 829 464 901 quo
485 806 750 883 manifestissime
770 808 970 906 designatur
989 810 1092 905 quod

58 910 129 983 ulla
141 907 195 981 est
207 906 246 979 in
255 905 435 981 Trinitate
458 904 647 1002 discretio,
672 906 732 982 sed
747 908 822 983 hoc
837 908 938 1003 quod
951 908 1092 990 donum

58 1010 173 1103 titirus
194 1007 345 1101 dicitur,
369 1005 611 1081 manifestatur
628 1004 847 1103 petilium,
872 1008 1091 1102 &inopera-

58 1128 90 1183 ιι·
104 1127 171 1203 per
186 1106 308 1181 Deum
328 1119 477 1201 patrem.
529 1111 644 1179 omia
659 1124 764 1183 autem
779 1124 926 1207 operatur
938 1132 1022 1181 ratri
1034 1122 1093 1195 atq

58 1232 90 1280 rt
109 1211 191 1279 idm
204 1208 363 1302 spiritus,
389 1208 537 1279 dividens
550 1210 719 1305 unicnqur
732 1224 830 1305 proin
845 1208 931 1281 vult.

103 1314 137 1389 8.
166 1306 234 1381 His
252 1305 360 1401 igitur
375 1303 420 1379 de
437 1307 575 1380 unitate
594 1306 729 1400 Patris,
755 1310 790 1379 ὄι
805 1302 906 1402 Filii,
931 1302 1091 1403 &Spin-
1187 1331 1190 1337 ’

58 1404 210 1481 usartti
223 1402 447 1501 protestatis,
470 1406 655 1481 redeamus
667 1427 764 1479 nunc
774 1406 818 1479 ad
829 1427 911 1481 euru
923 1405 1090 1484 ordinem
1180 1398 1186 1416 “

58 1526 136 1579 uem
170 1500 335 1578 differere
365 1524 594 1597 coeperamus.
653 1504 754 1579 Deus
784 1520 887 1598 pater
919 1506 1089 1581 omnibus
1187 1546 1190 1551 ·

58 1604 172 1679 raestat
192 1617 236 1676 ut
253 1604 346 1677 sint:
379 1603 606 1699 participatio
625 1626 720 1677 vero
742 1602 872 1679 Christi
892 1602 1088 1679 secundum
1175 1632 1179 1641 ¹

58 1704 67 1777 Ι
83 1702 185 1797 quod
199 1704 353 1776 verbum
367 1704 430 1775 vel
444 1704 538 1777 ratio
550 1698 621 1797 est,
646 1704 734 1777 facit
751 1724 794 1777 ea
808 1702 878 1780 effe
893 1703 1089 1778 rationabi-

58 1826 86 1879 ι
135 1801 286 1895 Exque
304 1798 524 1893 consequens
544 1800 596 1877 est
616 1822 658 1877 ea
672 1804 734 1875 vel
752 1803 857 1878 laude
874 1803 981 1901 digna
992 1799 1087 1897 effea

58 1904 93 1977 el
124 1902 254 1995 culpa,
291 1901 374 1993 quia
404 1903 548 1975 virtutis
581 1902 617 1975 &
647 1903 788 1975 malitiae
818 1899 899 1977 sunt
930 1902 1086 1995 capacia.

58 2000 277 2175 permit
290 1997 1087 2175 ‘iisiiiiiiiiiiisffiiiiiissiffi‘i

58 2122 1088 2375 nnnturcananati:

58 2400 111 2473 'iia
130 2348 229 2493 fiir,
254 2399 409 2472 habeant
428 2420 474 2471 ex
495 2322 634 2474 veino:
660 2355 771 2471 tertio
793 2414 835 2469 ut
856 2396 924 2471 rint
947 2394 1084 2492 saniir,

58 2502 186 2575 tbeant
203 2519 250 2571 ex
263 2497 396 2590 Spiritu
412 2496 558 2592 saneto,
588 2496 725 2571 rursum
743 2496 870 2570 Christi
890 2494 1086 2573 secundum

58 2620 101 2673 rc
112 2597 215 2689 quod
226 2596 358 2689 justitia
375 2595 447 2671 Dei
463 2597 538 2691 est,
565 2597 709 2690 capacia
723 2595 922 2671 efficiuntur
941 2618 983 2669 ea
1004 2616 1085 2687 qute

58 2720 95 2773 m
110 2692 327 2771 sanctificata
342 2709 423 2770 ante
436 2697 570 2770 fuerint
583 2716 648 2791 per
665 2696 835 2790 spiritum
851 2692 1022 2769 santium:
1047 2694 1085 2771 ἀ

58 2796 88 2873 ui
105 2796 146 2871 in
166 2796 264 2869 hunc
286 2794 430 2891 gradum
445 2792 624 2889 proficere
642 2797 837 2869 meruerint
852 2815 917 2888 per
934 2790 1083 2869 sanetifi·

58 2894 211 2971 itionem
231 2892 382 2990 Spiritus
403 2893 538 2988 sancii,
569 2892 829 2987 consequenter
848 2893 1084 2969 nihilominus

58 3016 164 3071 anum
185 2991 363 3089 sapientie
390 2992 582 3070 secundum
605 2994 779 3068 virtutem
802 2992 837 3066 δι
859 2992 1083 3085 inoperatio·

58 3116 107 3171 em
119 3092 261 3189 spiritur
276 3090 358 3169 Dei.
408 3090 458 3167 Et
473 3094 546 3167 hoc
560 3106 652 3188 puto
668 3093 814 3168 Paulum
832 3092 973 3183 dicere,
999 3110 1083 3169 cum

58 3209 75 3269 t
90 3194 304 3287 quibusdam
319 3192 394 3267 dati
415 3191 611 3268 sennonem
627 3192 830 3288 sapientia,
855 3191 930 3266 aliis
950 3186 1082 3265 sermo·

58 3316 108 3369 nn
126 3292 281 3369 scientie
306 3289 496 3369 secundum
520 3292 672 3367 eundem
692 3290 862 3386 spiritum.
922 3286 973 3364 Et
993 3288 1081 3365 desi·

58 3416 136 3471 rana
154 3413 437 3485 unamquamque
460 3391 710 3468 discretionem
731 3392 936 3482 donorum,
964 3388 1081 3465 refert

58 3496 146 3571 unia
177 3493 223 3567 ad
245 3492 482 3568 univerfitatis
506 3491 669 3586 fontem,
694 3490 729 3564 δι
759 3490 862 3565 dicit:
894 3490 1079 3586 Divifime

58 3612 101 3669 nt
111 3598 381 3693 inoperationum,
399 3593 455 3685 scd
470 3618 554 3666 unus
574 3598 664 3665 urus
675 3596 732 3691 qui
745 3608 894 3689 operatur
914 3593 1019 3663 omnin
1038 3594 1079 3663 itt

58 3698 174 3771 aniius.
223 3694 333 3769 Unde
350 3693 385 3767 δι
402 3694 606 3788 inoperatio
621 3693 730 3786 patris
750 3712 827 3782 qua
844 3686 914 3764 ess'e
935 3687 1077 3785 praestat

58 3798 214 3894 unitur,
246 3795 376 3873 clarior
391 3816 433 3873 ac
448 3789 733 3974 magmgcmunt
751 3790 961 3885 inventu,
991 3806 1079 3869 eum

612 3914 639 3971 Β
923 3910 1042 3973 num·
