2498 4254
284 173 378 253 DE
427 174 878 256 ORATIONE.
1054 188 1126 271 55³3

63 339 242 416 adulterio
264 351 327 412 aut
346 340 558 412 voluntaria
573 339 701 432 cede,
727 352 791 412 aut
809 340 941 431 quonia
961 339 1033 414 alio
1052 333 1129 435 g'ra·

61 443 157 513 viori
181 439 313 513 scelere
330 434 582 512 holocaustum
598 436 755 523 offeret,
781 450 843 511 aut
867 458 936 531 pto
957 452 1127 533 peccato.

63 540 123 612 Sic
147 543 268 631 itaque
289 534 461 631 Apostoli
483 536 517 610 ἃ
536 540 596 630 qui
620 538 749 613 similes
767 535 957 632 Apostolis
979 536 1060 612 sunt
1080 538 1130 611 sa

64 641 235 712 cerdotes
251 639 354 727 J'uxta
368 656 535 732 magnum
552 634 789 731 pontificem,
815 635 998 730 disciplina
1013 639 1128 713 divini

63 740 183 810 cultus
198 734 375 827 minutii,
403 735 602 830 &aspiritu
619 734 758 829 edoiti,
773 736 903 811 -sciunt
916 758 983 831 pto
997 739 1129 829 quibus
1202 756 1205 763 ·

63 839 246 932 peccatis,
279 835 312 907 n
336 834 480 927 quando
497 835 531 909 dt
549 835 738 928 quomodo
761 835 896 911 offerre
919 834 1130 911 sacrificium

66 947 259 1029 oporteat,
287 933 404 1027 &pro
422 937 550 1026 quibus
570 956 648 1009 non
666 948 840 1029 oporteat
855 938 962 1011 etiam
979 948 1129 1012 norunt.

66 1036 313 1132 Quamobrem
332 1033 498 1109 sacerdos
522 1033 608 1108 Heli
636 1054 718 1109 cutn
744 1048 938 1129 peccantes
954 1034 1073 1109 noffet
1087 1032 1130 1108 fi-

64 1136 136 1208 lios
153 1132 278 1228 Ophni
298 1130 333 1206 dt
353 1132 531 1226 phinees,
555 1152 627 1207 nec
643 1152 748 1225 quam
765 1133 883 1228 pollet
899 1138 952 1209 eis
966 1156 1076 1229 opem
1090 1136 1131 1209 in

64 1232 304 1308 remillionem
322 1244 557 1327 peecatorum
573 1230 725 1327 afferre,
752 1234 913 1309 etiamid
934 1233 1034 1332 polle
1051 1231 1132 1309 lieti

65 1332 103 1406 se
130 1331 314 1428 desperare
338 1331 472 1407 fatetur
495 1332 551 1407 his
572 1335 719 1411 verbis·
751 1339 793 1407 Si
811 1355 937 1432 peccans
955 1338 1133 1431 peccaverit

65 1436 123 1503 vir
138 1436 175 1503 in
197 1435 331 1519 virum,
355 1429 395 1509 (5
404 1433 542 1504 ordint
553 1452 669 1530 proed.
722 1432 761 1510 Si
774 1452 881 1507 autem
900 1441 936 1505 in
958 1438 1132 1507 Dominum

63 1535 262 1632 peccaverit,
287 1536 360 1629 quis
374 1531 475 1603 orabit
485 1553 544 1630 pro
560 1539 610 1605 aa?
636 1532 728 1607 Sunt
745 1536 912 1609 nonnulli
929 1555 990 1626 qut
980 1533 1131 1608 nescio

67 1631 256 1724 quomodo
275 1631 339 1708 sibi
354 1644 523 1730 arrogant
536 1653 580 1707 ea
597 1654 675 1725 que
688 1630 945 1708 sacerdotalem
963 1631 1132 1726 superant

66 1732 298 1828 dignitatem,
322 1730 420 1805 forte
435 1733 543 1807 etiam
558 1733 665 1805 rudes
680 1732 908 1807 sacerdotalis
924 1730 1133 1825 discipline,
1220 1790 1230 1805 ,

65 1832 337 1927 glorianturque
355 1830 451 1923 quali
465 1828 595 1925 pollint
614 1832 721 1911 etiam
734 1832 977 1907 idololatriam
991 1831 1134 1905 condo·

68 1950 177 2022 nare,
203 1929 448 2020 adulteriaque
471 1928 786 2005 &fornicationes
800 1934 1009 2007 remitteret
1035 1926 1135 2024 quast

65 2028 183 2103 modo
197 2048 268 2124 pro
282 2028 326 2101 iia
344 2029 533 2103 oraverint
545 2031 606 2121 qni
624 2031 800 2122 ejusmodi
821 2031 984 2104 facinora
1004 2051 1136 2124 perpe·

69 2141 230 2216 nerunt,
255 2126 469 2203 solvendum
491 2127 534 2202 lit
549 2130 679 2222 etiam,
706 2130 806 2223 quod
824 2131 867 2205 ad
884 2142 1040 2205 mortem
1058 2126 1134 2225 est,

68 2242 272 2322 peccatum.
323 2226 416 2302 Non
441 2229 538 2302 enim
559 2228 647 2301 illud
673 2230 815 2326 legunt:
841 2229 897 2405 Ee
914 2244 1072 2326 peccatum
1093 2180 1138 2305 a}
1213 2258 1216 2263 ·

69 2344 219 2415 mortem,
243 2352 309 2399 non
323 2347 380 2416 pro
398 2328 449 2398 ido
476 2329 540 2398 dico
560 2342 598 2400 ut
619 2344 702 2423 roget
727 2334 810 2426 quis.
889 2328 1135 2407 raetereundus

69 2449 148 2502 non
169 2425 220 2501 est
233 2425 437 2503 lortiffirnua
452 2426 545 2523 Job,·
570 2429 632 2522 qui
648 2449 717 2522 pro
733 2426 816 2505 liliis
832 2428 1014 2506 offerebat
1031 2427 1134 2505 sacri·

69 2524 171 2617 ficia,
196 2526 431 2622 dicebatque:
460 2528 616 2621 Neforte
627 2529 701 2622 fila·
720 2534 781 2604 mei
799 2536 837 2601 in
857 2546 959 2603 mente
975 2529 1035 2619 sua
1049 2530 1137 2605 mala

69 2632 280 2721 cogitaverint
297 2627 446 2717 adversus
469 2632 587 2706 Dum.
635 2627 732 2703 Nam
753 2630 880 2724 proiit
899 2631 1059 2723 peccatis
1079 2626 1137 2704 of·

70 2728 145 2801 fert
156 2724 379 2818 sacrificium,
406 2747 483 2818 quae
499 2749 545 2801 an
560 2725 701 2802 admiffa
717 2726 959 2819 fintdubitat,
985 2748 1138 2822 quaeque

72 2826 117 2898 ad
133 2826 226 2899 labia
246 2823 356 2918 usque
378 2846 456 2899 non
479 2825 740 2922 procellerent

149 2947 206 3020 29.
234 2926 282 2997 Et
298 2950 412 2997 nenos
427 2926 586 2999 inducas
573 2952 611 2997 m
628 2928 847 3000 taalulim.
897 2926 960 3001 Sed
972 2926 1137 2999 literanis

71 3053 94 3098 a
107 3026 203 3096 malo.
244 3023 337 3117 Illud
346 3025 400 3115 sad
412 3025 509 3098 libera
523 3050 578 3097 nos
596 3052 616 3098 ι
633 3024 736 3114 malo,
763 3023 858 3122 apud
873 3023 1010 3101 Lucam
1035 3022 1139 3103 omis·

71 3124 147 3201 sum
166 3121 228 3200 est
275 3124 313 3197 si
327 3144 405 3198 non
423 3124 645 3221 impollibilia
659 3146 729 3199 nos
744 3124 908 3201 servator
923 3147 1027 3201 orare
1047 3146 1138 3221 pre·

72 3226 184 3318 cipit,
208 3223 356 3316 quesitu
370 3223 456 3298 mihi
482 3224 627 3321 dignum
646 3224 792 3300 videtur
812 3226 1001 3337 quomodo
1014 3226 1140 3319 jubet·

71 3345 153 3400 mur
183 3344 290 3398 orate
322 3343 400 3397 non
432 3328 567 3399 intrare
598 3324 637 3399 in
662 3326 929 3441 tentationem,
954 3345 1036 3401 cum
1061 3328 1139 3404 vita

74 3424 194 3497 omnia
223 3423 382 3497 hominis
410 3421 665 3518 superterram
692 3426 849 3501 tentatio
875 3425 930 3502 lit.
1004 3426 1139 3529 Quam·

74 3523 136 3595 diu
156 3525 251 3598 enim
272 3520 376 3618 super
400 3535 531 3599 terram
550 3522 667 3598 sumus
685 3543 794 3598 carne
821 3522 1031 3603 circumdati
1058 3545 1138 3619 que

74 3623 206 3697 militat
233 3621 399 3699 adversus
427 3622 610 3717 spiritum,
643 3623 788 3721 cujusfii
808 3629 912 3699 ientt‘a
941 3624 1141 3721 inimicitas}

76 3725 165 3807 Deo,
188 3723 329 3872 φάρε’
346 3726 411 3797 Dei
428 3725 517 3795 nullo
534 3726 618 3794 medo
634 3724 764 3840 potesta
748 3644 807 3817 eslf
786 3720 980 3825 asabiam,
1001 3727 1038 3800 in
1061 3738 1139 3803 teu·

75 3818 320 3975 tatiqe·⁶·¹
320 3840 395 3915 tt.
426 3820 544 3901 Porro
574 3825 820 3903 tentationem
848 3824 921 3907 elle
947 3826 1140 3907 humanam

574 3920 722 4018 Mnus
950 3940 1117 3999 otonem
