2498 4254
24 72 187 245 [214
261 124 299 221 ',
401 58 878 237 jssoarouurs
978 173 981 179 .
1113 134 1120 149 κ

136 285 221 381 pori
239 284 372 375 limile,
394 302 441 357 eo
463 279 541 356 solo
561 279 729 356 differens
751 281 850 373 quod
866 291 990 355 natum
1008 275 1214 380 exvirg‘sne·

138 384 326 482 &Spiritu
343 381 462 457 sansto
485 380 545 457 est.
593 381 644 455 Et
662 384 830 475 quoniam
846 381 906 454 hic
924 380 1022 476 Jesus
1046 381 1204 463 Christus

136 483 293 559 natus&
310 482 424 578 passus
444 482 549 557 estin
563 483 738 575 veritate,
749 492 752 497 “
764 481 799 555 &
813 503 889 556 non
908 502 973 576 per
990 483 1243 577 phantasma·

137 605 363 659 communem
387 583 479 656 hanc
503 595 658 657 mortem
681 580 867 677 sustinuit,
905 601 994 654 vere
1018 595 1203 659 mortuus:
1237 626 1243 635 ·

133 704 226 757 vere
249 684 343 758 enim
367 708 387 757 a
408 684 559 779 mortuis
579 682 790 776 resurrexit,
823 683 857 755 dt
877 681 959 776 post
977 679 1203 757 resurrettio·
1241 706 1243 711 ·

134 804 220 861 nem
237 781 476 857 conversatus
503 804 584 857 cum
609 781 784 877 discipulis
808 780 904 876 suis,
942 779 1108 855 assumtus
1141 782 1205 871 est.

135 880 233 959 -Tum
251 882 378 958 deinde
400 883 542 956 honore
564 903 605 955 ac
626 883 797 978 dignitate
819 882 912 976 patri
935 902 976 953 ac
992 878 1070 963 silio
1094 880 1203 957 socia·
1227 920 1243 1013 p

69 985 74 997 '
133 994 212 1057 tum
235 983 458 1057 tradiderunt
478 982 647 1075 Spiritum
671 980 835 1056 sanstum.
884 981 927 1055 In
944 982 1018 1055 hoc
1041 1002 1120 1055 non
1130 983 1243 1093 jamp

132 1082 315 1158 manifeste
335 1080 562 1174 discernitur,
588 1096 707 1155 utrum
722 1096 826 1155 natus
850 1103 895 1155 an
915 1083 1056 1155 innatus
1080 1084 1145 1156 vel
1160 1078 1202 1157 fi·

18 1254 21 1261 .
133 1181 203 1257 lius
218 1183 328 1267 ,etiam
343 1181 416 1255 Dei
438 1179 512 1275 ipse
526 1181 707 1256 habendus
725 1182 793 1274 srt,
824 1201 949 1256 necne.
997 1180 1069 1254 Sed
1091 1182 1243 1275 inqui,

132 1282 245 1355 tenda
258 1284 330 1375 jam
344 1280 407 1354 ista'
422 1302 491 1375 pro
507 1282 644 1355 viribus
667 1280 747 1354 sunt
764 1281 812 1355 de
832 1279 928 1353 sacra
943 1280 1141 1375 scriptura,
1168 1282 1202 1357 dt
1238 1286 1243 1337 ἒ

135 1378 248 1477 sagaci
262 1381 781 1477 perquisrtioneinvestiganda.
832 1380 923 1454 Sane
939 1379 1038 1473 quod
1049 1380 1114 1455 iste
1127 1380 1203 1475 Spi·
1238 1386 1243 1451 ἰ

131 1480 223 1559 ritus
256 1501 542 1573 unumquemque
575 1479 794 1574 sandorum,
828 1481 892 1554 vel
919 1479 1202 1576 Prophetarum,
1219 1480 1243 1527 '-

131 1581 196 1654 vel
218 1577 480 1676 Apostolorum
505 1580 753 1674 inspiraverit,
790 1579 919 1654 &non
939 1581 1026 1653 alius
1050 1579 1203 1674 Spiritus
1239 1592 1243 1677 l

130 1679 172 1752 in
186 1680 395 1774 veteribus,
411 1680 508 1752 alius
529 1701 621 1753 vero
641 1681 677 1751 in
694 1681 748 1755 his
766 1679 877 1771 quiin
892 1679 1053 1753 adventu
1074 1680 1203 1757 Christi
1240 1682 1243 1773 ἔ

133 1776 292 1872 inspirati
306 1777 387 1853 sunt
402 1779 531 1874 fuerit,
557 1779 824 1877 manifestissime
845 1779 883 1852 in
903 1779 1057 1852 ecelesris
1078 1774 1212 1875 praedii'
1240 1814 1243 1871 3

135 1893 248 1955 saun.

148 2000 156 2019 ‘
211 1999 246 2070 5.
270 1976 356 2053 Post
368 1978 444 2054 haec
454 1980 525 2073 jam
542 1978 640 2071 quod
657 1980 770 2054 anima
783 1976 1005 2052 substantiam
1018 1978 1205 2072 vitamque

133 2079 272 2154 habens
286 2080 487 2172 propriam,
506 2100 586 2153 cum
600 2101 644 2151 ex
659 2082 733 2153 hoc
745 2084 881 2153 mundo
897 2076 1106 2170 discesserit,
1132 2090 1204 2174 pro'
1229 2114 1232 2119 ·

132 2177 202 2251 suis
222 2180 357 2252 meritis
378 2176 655 2269 dispensabitur,
682 2179 756 2251 sive
773 2179 858 2251 vitae
880 2191 1039 2269 aeternae,
1066 2199 1108 2250 ac
1122 2177 1207 2255 bea·
1234 2176 1237 2183 ’

131 2276 294 2351 titudinis
313 2276 518 2349 haereditate
540 2279 724 2370 potitura,
750 2278 864 2351 srhoc
885 2277 918 2349 ei
935 2274 993 2350 sua
1007 2276 1102 2373 gesta
1117 2300 1206 2371 prae·
1230 2328 1234 2337 ·

130 2374 305 2450 stiterint:
329 2376 404 2449 five
416 2375 489 2470 igni
504 2389 639 2449 aeterno
654 2398 696 2449 ac
708 2374 886 2473 suppliciis
898 2377 1151 2470 mancipanda,
1176 2380 1205 2457 si

41 2498 42 2503 ¹
134 2476 174 2549 in
193 2477 267 2555 hoc
286 2498 362 2548 eam
381 2474 550 2549 scelerum
568 2475 671 2569 culpa
684 2476 895 2549 detorserit:
920 2476 979 2549 sed
994 2475 1029 2549 δι
1043 2479 1124 2570 quia
1134 2481 1206 2555 erit

135 2585 277 2668 tempus
294 2571 560 2649 resurrectionis
579 2590 835 2673 mortuorum,
872 2595 953 2648 cum
972 2596 1105 2670 corpus
1126 2579 1206 2653 hoc

133 2674 232 2768 quod
244 2696 342 2748 nunc
359 2701 392 2744 ro
407 2680 605 2771 corruptione
612 2678 800 2765 seminatur,
821 2677 930 2768 surget
942 2681 981 2746 in
995 2688 1206 2773 amorruptio-

130 2799 190 2849 ne:
216 2773 366 2867 &quod
378 2777 553 2853 seminatur
564 2780 600 2845 sn
619 2782 810 2870 r'gnomim‘a,
834 2776 1109 2869 surgetingloria.
1135 2774 1204 2852 Est
1236 2774 1243 2863 s

132 2873 272 2948 &illud
292 2870 478 2948 delinitum
500 2875 537 2946 in
553 2874 787 2949 ecclesiastica
806 2875 1086 2969 predicatione,
1123 2896 1204 2951 om·

55 3042 57 3047 ,
130 2996 215 3051 nem
228 2976 376 3048 animam
393 2976 640 3048 rationabilem
657 2975 727 3048 else
740 2976 842 3048 liberi
866 2975 1000 3048 arbitrii
1017 2974 1051 3047 dt
1067 2976 1204 3051 volun·

131 3076 235 3148 tatis:
260 3073 330 3147 else
352 3095 497 3166 quoque
513 3076 546 3146 ei
564 3092 744 3148 certamen
770 3075 936 3148 adversus
961 3075 1143 3149 diabolum
1167 3076 1205 3150 dt

133 3176 280 3271 angelos
297 3175 396 3267 ejus,
422 3174 686 3267 contrariasque
703 3176 882 3269 virtutes,
908 3196 954 3247 ex
967 3196 1013 3247 eo
1034 3174 1132 3265 quod
1149 3176 1204 3251 illi
1228 3244 1234 3253 ,

132 3275 290 3367 peccatis
303 3296 381 3355 eam
391 3294 541 3346 onerare
550 3275 784 3359 contendant,
793 3296 863 3347 nos
875 3272 1105 3348 verosrrette
1113 3297 1204 3365 corr·

101 3454 106 3463 Ι
133 3368 297 3465 sulteque
314 3376 492 3464 vivamus,
509 3375 552 3446 ab
565 3374 764 3467 hujusmodi
778 3394 892 3449 onere
906 3395 974 3448 nos
989 3394 1124 3453 exuere
1140 3398 1207 3450 co·

133 3492 272 3548 nemur.
306 3472 416 3545 Unde
437 3470 471 3545 ἃ
489 3470 710 3565 consequens
730 3474 782 3549 est
794 3476 1015 3571 intelligere,
1038 3490 1223 3550 nonnos·¹

26 3662 30 3671 Ι
134 3572 329 3647 necessitati
340 3571 409 3645 else
418 3571 607 3665 subjeslos,
619 3588 661 3645 ut
669 3576 767 3648 omni
780 3575 894 3649 modo
906 3576 1037 3648 etiamsi
1048 3577 1206 3651 nolimus

133 3673 363 3747 velmalavel
372 3673 470 3745 bona
479 3693 583 3768 agere
593 3694 773 3769 cogamur.
798 3675 835 3748 Si
844 3675 937 3749 enim
945 3673 1055 3749 nostri
1067 3674 1208 3752 arbitrii

136 3792 270 3870 umus,
295 3773 503 3874 impugnare
520 3794 590 3851 nos
608 3774 756 3852 sortasse
771 3775 917 3873 possunt
940 3776 1064 3868 aliqua
1086 3775 1205 3851 virtu·

1011 3934 1015 3941 .
1094 3887 1151 3949 tes
