2498 4254
234 152 313 232 or
360 122 700 255 ramanus,
747 150 949 236 mam.
1049 180 1176 289 33,ψιχ

58 314 324 412 consequentias
336 318 521 417 historialis
544 318 787 415 intelligentia
809 340 884 393 non
911 316 1048 413 semper
1066 321 1121 395 in·
1196 322 1199 327 ’

59 420 229 511 venitur,
255 419 343 492 licut
358 422 392 491 in
415 418 711 511 consequentibus
725 416 1058 507 demonstrabimus:
1084 418 1122 511 dt

58 519 114 594 est
136 520 197 590 ubi
211 539 252 590 ea
270 540 373 609 quam
391 518 540 607 diximus
558 519 691 609 anima,
718 521 779 590 vel
801 515 967 611 spiritus,
990 518 1122 594 solum-

56 616 173 695 modo
188 616 414 712 intelligenda
430 612 520 692 sunt
545 618 658 715 Quod
674 618 780 691 etiam
789 617 826 689 in
841 616 1048 715 Evangeliis
1058 618 1121 693 de·

57 718 185 813 signari
205 731 319 810 puto,
346 714 426 790 cum
443 716 608 790 dicuntur
629 737 698 809 pro
712 712 959 811 purificatione
978 717 1121 813 Judaeo·

57 836 138 889 rum
156 813 216 888 sex
231 816 365 908 hydriae
378 815 500 908 posrtae
521 817 701 912 capientes
716 813 885 889 metretas
902 817 1025 911 binas,
1053 816 1120 893 vel

58 928 199 1006 ternas,
225 916 262 985 in
279 935 374 1006 quo,
401 928 442 986 ut
458 916 544 1006 dixi,
571 916 643 987 hoc
656 915 799 988 videtur
823 912 937 989 sermo
952 914 1121 1014 Evange·
1160 940 1164 951 ⁴

59 1014 150 1088 licus
169 1013 326 1087 indicare
341 1013 385 1086 de
404 1015 456 1086 his
479 1016 538 1104 qui
557 1015 723 1086 dicuntur
735 1015 772 1086 in
789 1016 936 1087 occulto
955 1015 998 1088 ab
1013 1013 1120 1109 Apo·

59 1113 156 1189 stolo
167 1113 306 1207 judei,
333 1113 430 1204 quod
447 1113 482 1185 hi
497 1111 731 1206 purificentur
751 1134 816 1206 per
840 1117 991 1188 verbum
1010 1112 1119 1207 scrip·

58 1216 175 1305 trita,
203 1215 382 1304 capientes
399 1212 578 1285 interdum
593 1210 733 1303 quidem
749 1212 834 1285 duas
852 1224 1050 1305 metretas,
1076 1211 1118 1297 id

58 1302 112 1383 est
127 1311 249 1384 animae
266 1312 323 1383 vel
341 1309 479 1405 spiritus
497 1308 686 1385 secundom
703 1310 799 1404 quod
815 1308 918 1407 snpra
936 1311 1118 1407 diximus,

57 1408 276 1483 intelletium
301 1410 534 1502 recipientes:
560 1410 745 1497 ¹interdurn
764 1424 881 1484 autem
905 1422 1001 1507 tres,
1033 1430 1119 1487 cuns

56 1510 166 1581 etiam
182 1511 406 1602 corporalem
419 1509 686 1606 intelligentiam
702 1530 778 1601 quae
795 1509 846 1585 est
858 1507 1025 1602 historiae,
1048 1506 1119 1584 ser·

54 1627 148 1681 vare
160 1606 265 1680 ledlio
279 1608 322 1680 ad
334 1604 603 1681 aedificationem
621 1606 751 1702 potest.
786 1606 857 1680 Sex
871 1630 962 1681 vero
979 1608 1119 1703 hydriae

58 1704 320 1799 consequenter
346 1705 445 1779 ditiae
468 1706 547 1781 sunt
566 1706 611 1780 de
637 1705 690 1779 his
713 1708 772 1799 qui
795 1708 831 1780 in
852 1706 988 1781 mundo
1009 1705 1119 1800 positi

56 1802 303 1900 purificantur.
354 1805 395 1879 In
411 1805 471 1879 sex
494 1808 587 1881 enim
614 1804 738 1879 diebus
761 1804 842 1903 (qui
864 1804 1041 1900 perscitus
1062 1802 1119 1881 est

56 1906 246 2000 numerus)
264 1906 433 1978 mundum
449 1907 544 1978 hunc
562 1902 595 1976 δι
614 1905 735 1979 omnia
752 1926 829 1997 quae
845 1905 882 1977 in
899 1926 945 1978 eo
966 1902 1047 1977 sunt
1062 1905 1117 1977 le·

56 2004 171 2101 gimus
188 2001 437 2079 consummata.
489 2008 634 2119 Quanta
649 2003 818 2099 igitursrt
836 2003 970 2076 utilitas
984 2003 1023 2074 in
1040 2002 1118 2076 hoc
1223 1986 1232 2013 ¹

55 2108 174 2198 primo
193 2125 297 2195 quem
313 2104 463 2176 diximus
482 2101 650 2176 h1storiali
672 2101 879 2198 intelletiu‚
904 2100 1114 2175 testimonio

57 2201 110 2274 est
129 2202 286 2277 omnium
304 2201 525 2275 credentium
542 2202 758 2295 multitudo,
783 2200 910 2294 quae&
926 2198 1007 2273 satis
1027 2196 1118 2273 fide·
1238 2202 1240 2211 ’

56 2300 161 2392 liter,
189 2302 440 2394 &impliciter
463 2302 597 2395 credit,
630 2322 698 2374 nec
718 2303 830 2374 multa
853 2300 1043 2375 affertione
1062 2300 1117 2371 in·

58 2401 156 2496 diget
179 2400 277 2491 quod
301 2403 414 2494 palam
437 2402 602 2475 omnibus
622 2412 732 2492 patet
757 2396 846 2492 Ejtrs
870 2418 965 2473 vero
986 2397 1117 2473 intelli·

58 2501 186 2599 gentiae
210 2521 314 2591 quam
330 2502 432 2572 velut
455 2503 604 2575 animam
624 2498 692 2573 elle
710 2498 888 2593 scripturae
907 2497 1011 2590 supra
1028 2496 1116 2570 dixi·

58 2620 135 2672 mus
151 2600 314 2692 exempla
324 2599 429 2671 nobis
444 2600 698 2693 quamplurima
712 2597 810 2673 dedit
829 2596 1011 2692 apostolus
1025 2594 1117 2669 Pau·

57 2698 135 2793 lus,
161 2697 251 2771 ficut
265 2697 316 2771 est
329 2700 367 2771 in
380 2698 492 2792 prima
506 2696 654 2793 epistola
670 2698 714 2773 ad
729 2696 951 2772 Corinthios.
984 2693 1117 2866 t{crip-

1028 2814 1065 2866 m

278 2955 707 3037 Inrnaraarxrro
742 2974 891 3028 novt.

58 3096 308 3185 crediderunt3
335 3098 427 3170 illius
443 3118 535 3170 vero
552 3116 629 3188 qnae
641 3095 757 3167 veluti
771 3092 815 3167 ad
825 3095 974 3168 animam
987 3090 1114 3166 referri

56 3196 202 3291 potest,
229 3200 430 3289 exemplum
461 3197 511 3270 est
534 3194 631 3289 quod
654 3194 746 3287 apud
768 3192 915 3267 Paulum
942 3193 978 3265 in
998 3191 1114 3285 prima

58 3297 102 3370 ad
125 3296 351 3371 Cortinthios
366 3298 529 3371 habetur.
582 3298 743 3389 Scriptum
767 3294 806 3390 ιβ
828 3294 945 3384 enim,
970 3291 1112 3387 inquit,

55 3422 122 3466 non
136 3398 275 3489 alligabis
289 3422 321 3465 os
333 3397 406 3466 bloi
422 3400 609 3473 trituranti.
660 3390 802 3467 Deinde
816 3393 931 3487 legem
944 3390 1036 3464 hanc
1050 3410 1112 3464 ex·

57 3494 192 3587 plicans
209 3494 326 3570 addit:
352 3498 516 3591 Numquid
532 3498 568 3566 dc
584 3490 759 3564 bobuscttra
780 3492 818 3589 tfl
838 3486 932 3562 Der?
955 3515 1002 3563 tm
1016 3509 1115 3588 prop·

58 3600 304 3694 tertiarumque
322 3598 376 3665 doc
395 3594 496 3667 dicit?
518 3620 594 3666 nam
606 3609 730 3687 propter
744 3616 799 3662 nor
812 3594 965 3687 scriptum
984 3592 1024 3689 est
1040 3613 1113 3687 qur·

57 3699 152 3765 niam
172 3696 254 3768 delet
276 3701 313 3765 in
332 3698 384 3789 spe
400 3701 457 3793 qui
473 3712 563 3782 arar,
588 3718 702 3777 arcte,
728 3689 768 3767 (5
782 3696 839 3789 qui
854 3689 992 3762 triturnr
1014 3690 1120 3784 t'ttspc.

51 3798 255 3895 ptrcr'pitndi.
304 3793 402 3873 Tum
417 3797 668 3969 plurimagfquae
685 3791 981 3869 circumferuntur
997 3786 1129 3961 mQtjgtifX
1224 3860 1232 3875 x

616 3915 638 3969 2
768 3926 777 3939 ·
968 3900 1026 3961 'tn
1060 3896 1107 3942 τ’
