2498 4254
219 215 223 221 -
319 146 919 279 neotericus.
1076 188 1150 272 tar

86 354 166 413 non
195 330 266 409 effe
291 333 466 408 orandum
485 332 633 409 suadere
659 334 834 427 quosdam
855 332 988 429 potuit
1016 330 1150 427 ¹Cujus
1196 322 1201 331 ¹

85 434 275 510 sententie
296 434 407 508 duces
425 437 453 507 ii
470 426 551 508 sunt
567 435 629 527 qui
647 454 706 508 res
721 431 899 509 sensibiles
918 435 1055 507 tollunt
1071 453 1150 508 om·
1245 486 1248 493 -

86 536 201 625 nino,
236 534 296 625 qui
331 553 401 607 nec
426 532 603 626 baptismo
631 546 783 608 utuntur
813 554 883 607 nec
907 528 1149 621 Eucharistit',

88 631 352 726 scripturasque
383 633 672 709 cavillationibus
697 631 765 706 suis
788 632 1028 724 detorquent,
1055 628 1152 724 quali

72 752 170 812 ¹non
187 732 364 825 ejusmodi
380 734 586 808 orationem
603 732 740 825 velint,
765 731 825 804 sed
844 731 938 805 aliud
954 728 1054 805 sensu
1070 734 1152 805 lon·

89 852 135 928 ge
156 829 297 905 diverso
319 832 488 910 doceant
537 831 606 907 He
624 845 743 915 autem
765 828 912 925 possunt
929 851 1056 904 eorum
1078 826 1149 907 esse

90 933 252 1005 rationes
273 933 333 1023 qui
355 952 483 1024 preces
500 930 713 1027 repudiant,
739 929 773 1004 ἀ
795 942 917 1003 umen
935 929 1055 1004 Deum
1073 929 1152 1002 uni·

90 1030 201 1103 versis
227 1028 371 1123 praeeffe
393 1030 519 1105 dicunt
540 1031 574 1104 br
598 1030 864 1125 providentiam
889 1027 1060 1103 asserunt:
1086 1047 1151 1101 ne·

92 1150 163 1222 que
182 1130 278 1203 enim
295 1149 394 1203 nunc
411 1128 635 1226 propositum
653 1128 705 1205 est
721 1149 847 1203 eorum
870 1127 960 1202 dista
979 1124 1165 1202 excutere¹

91 1231 153 1322 qui
173 1228 295 1302 Deum
316 1230 467 1303 omnino
487 1242 548 1303 aut
565 1228 833 1325 providentiam
850 1230 998 1304 tollunt
1048 1226 1154 1301 Deus

92 1331 217 1402 omnia
229 1330 338 1401 novit
356 1341 546 1420 antequam
562 1326 672 1409 liant,
698 1349 768 1404 nec
784 1330 973 1420 quicquam
989 1347 1071 1400 curn
1093 1348 1153 1400 ex·

90 1425 185 1520 istit,
210 1426 296 1500 ideo
320 1431 472 1521 primum
489 1429 686 1504 innotescit
707 1427 771 1522 ipss
792 1428 890 1520 quod
913 1425 1039 1501 existat
1057 1424 1153 1517 quali

92 1546 172 1601 non
194 1539 277 1599 ante
292 1529 489 1624 cognitum.
535 1528 640 1630 'Quid
658 1528 766 1625 igitur
779 1548 873 1623 opus
886 1525 938 1600 est
958 1546 1085 1621 preces
1105 1523 1153 1599 ad

94 1646 179 1699 eum
200 1627 345 1700 mittere
366 1629 426 1720 qui
445 1643 636 1723 antequam
659 1648 803 1707 oremus
820 1626 886 1700 scit
908 1627 1038 1719 quibus
1063 1624 1153 1698 indi·

91 1723 267 1822 geamus‘s
291 1728 362 1800 scu
380 1732 463 1817 mim
476 1747 571 1826 parer
584 1726 708 1825 celestis
719 1729 796 1822 quid
813 1748 888 1823 opus
901 1727 943 1817 fit
959 1728 1046 1797 nabis
1059 1740 1154 1797 ante·

95 1850 192 1922 quam
208 1840 352 1922 petamus
375 1851 454 1899 eum.
504 1826 664 1920 AEquurn
690 1824 743 1900 est
769 1840 890 1901 autern
917 1846 1001 1899 eunt
1029 1827 1090 1916 qui
1117 1822 1152 1897 e

96 1936 201 2019 pater
222 1927 382 2001 omnium
398 1925 433 1998 se
451 1926 577 2023 opifex
594 1924 665 2020 est,
690 1927 856 2024 diligitque
865 1930 969 1998 omisa
983 1949 1049 2023 qua
1055 1925 1154 2015 fhnt,

98 2020 139 2099 (Ἰ
158 2024 249 2095 nihil
265 2027 534 2125 editorumque
545 2026 654 2120 fecit,
680 2024 866 2100 salubriter
883 2047 962 2117 quse
978 2024 1022 2097 ad
1040 2023 1156 2120 singu·

93 2124 154 2198 los
178 2123 335 2199 attinent
357 2126 492 2201 etiamst
519 2146 599 2201 non
626 2138 757 2218 orent,
790 2123 1014 2218 dispensare,
1044 2124 1155 2217 patris
1184 2216 1189 2223 ἱ

93 2242 200 2298 more
215 2227 278 2316 qui
294 2245 376 2298 cum
393 2224 549 2301 infantes
563 2226 679 2321 regit,
703 2246 789 2299 non
805 2244 934 2299 eorum
948 2244 1076 2319 preces
1096 2242 1156 2297 ex·

94 2318 216 2418 peslat
235 2325 296 2414 qui
312 2326 373 2397 vel
393 2327 546 2401 omnino
563 2334 691 2421 petere
709 2344 787 2398 non
804 2322 976 2419 possunt,
1003 2325 1063 2396 vel
1084 2342 1156 2418 prsr

93 2420 233 2497 inscitia
255 2421 347 2516 saepe
377 2445 435 2498 res
463 2426 611 2499 utilibus
637 2423 930 2519 opportunisque
957 2426 1156 2497 contrarias

94 2540 226 2614 capere
242 2523 385 2598 uolunt.
411 2523 495 2597 Plus
511 2536 631 2600 autem
642 2544 713 2599 nos
727 2523 896 2611 homines
911 2545 932 2597 a
946 2521 1018 2597 Dei
1033 2536 1158 2597 mente

94 2617 262 2694 distamus
280 2642 386 2714 quarn
400 2625 474 2697 ulla
489 2644 684 2721 puerorum
696 2620 849 2697 infantia
862 2646 882 2697 a
894 2634 1018 2699 mente
1033 2642 1159 2716 paren·

93 2733 185 2795 tum.
238 2719 419 2801 Credibile
445 2720 497 2797 est
525 2722 647 2799 Deurn
680 2742 759 2795 non
784 2724 985 2815 previdere
1017 2734 1158 2795 tantum

95 2839 176 2911 quae
191 2818 414 2913 futurasunt,
439 2820 825 2913 testimoninm,
850 2842 941 2908 nec,
968 2821 1159 2912 quicquam

95 2917 262 2994 accidere
283 2932 414 3013 preter
432 2942 475 2996 ea
495 2941 575 3013 que
596 2924 642 2995 ab
661 2917 739 3013 ipso
765 2922 863 3014 prius
881 2920 1046 2995 ordinata
1064 2918 1156 2998 sunt

94 3016 153 3089 Ut
171 3020 278 3114 igitur
299 3018 325 3095 st
345 3021 424 3112 quis
451 3021 537 3095 oriri
558 3017 671 3095 solem
691 3034 919 3113 precaretur,
943 3017 1070 3091 stultus
1097 3018 1161 3093 lia·
1182 3070 1186 3075 -

95 3119 245 3193 berctus
269 3138 351 3192 curn
378 3119 414 3191 id
438 3118 508 3193 suis
540 3116 634 3193 effici
657 3118 1022 3215 precibus'petere't‚
1059 3114 1161 3208 quod
1229 3203 1245 3225 ὅ

96 3220 205 3294 etiarn
222 3218 295 3292 sine
312 3222 479 3311 precibus
494 3219 653 3293 futurum
668 3232 762 3291 erat:
785 3219 833 3292 fic
849 3238 972 3293 amens
987 3219 1048 3291 ille
1061 3216 1161 3291 soret
1235 3243 1238 3252 “

96 3324 158 3413 qui
174 3329 326 3411 propter
342 3319 548 3394 orationem
561 3316 658 3391 suam
676 3314 756 3391 fieri
770 3330 936 3411 putaret,
962 3316 1082 3410 quod,
1095 3316 1160 3397 etsi

94 3439 175 3495 non
199 3415 354 3508 orasset,
381 3420 534 3493 omuino
555 3416 716 3493 futurum
735 3429 822 3495 erat.
872 3414 1004 3489 Rursus
1024 3428 1066 3490 ut
1081 3438 1162 3493 om·

97 3538 185 3595 nent
206 3519 266 3590 ille
280 3517 450 3591 insaniam
473 3517 668 3591 excederet
684 3517 769 3608 qui,
791 3516 896 3607 quod
914 3516 966 3589 sol
982 3518 1019 3589 in
1035 3513 1161 3613 estivo

98 3604 250 3692 solstitio
273 3615 444 3691 molestus
463 3617 506 3690 fit
527 3615 723 3705 &adurat‚
749 3616 917 3705 precibus
935 3615 1003 3689 suia
1016 3620 1163 3709 puttret
1232 3652 1241 3671 ·

99 3716 214 3792 solem
230 3717 273 3788 ad
288 3739 400 3790 uerna
423 3716 517 3813 signa
532 3714 835 3809 transferendum,
859 3728 902 3791 ut
912 3715 985 3811 ipse
1001 3734 1164 3789 commo-

99 3818 145 3895 da
164 3814 300 3899 fruatur
314 3820 404 3893 aeris
423 3820 616 3915 temperie:
643 3814 783 3915 sicquae
796 3814 1165 3990 hummssffigsff'
