2498 4254
80 144 151 231 158
384 58 803 209 'onlotuls
882 136 885 144 '

106 308 271 386 etentes,
295 300 496 387 quanquam
516 295 686 367 naturalis
704 294 747 369 iit
766 292 921 373 &insita
940 298 1072 375 anime
1086 302 1136 377 rei

78 322 187 493 fpfius
213 394 414 489 cupiditas,
448 394 689 486 inquiramus,
722 396 837 467 utica
864 395 1009 473 demum
1035 402 1134 476 velut

80 498 217 592 species
241 494 331 588 ipsas
356 494 457 589 panis
481 494 568 564 vite
593 490 627 564 u
653 496 860 585 qualitatem
891 497 968 569 vini
995 498 1074 591 ejus
1097 516 1134 573 ac

78 597 338 693 proprietatem
357 594 640 687 principatuum,
665 613 731 686 per
747 594 897 667 theorie
912 598 1133 691 consequen.

79 698 166 767 tiam
195 692 442 766 describamus.
492 688 602 786 Igitur
636 689 725 763 ficut
755 694 792 765 in
818 694 954 766 artibus
979 696 1038 769 his
1061 718 1133 791 que

80 814 190 870 mauu
210 792 391 884 adimpleri
408 788 550 879 solent,
573 792 666 863 ratio
686 791 830 882 quidem
846 791 947 882 quid,
974 794 1037 867 vel
1058 816 1132 887 que

80 895 186 984 liter,
203 894 272 963 uel
297 892 340 963 ad
359 910 451 979 quos
468 888 548 962 usus
568 886 651 983 fiat,
677 890 837 963 versatur
858 890 1042 984 insensu,
1068 892 1125 971 effi·

82 995 181 1065 cacia
200 1010 292 1062 vero
311 991 432 1081 operis
443 1008 612 1062 manuum
626 988 822 1062 ministerio
845 992 1063 1085 explicatur:
1083 996 1128 1070 ,iu

80 1093 118 1167 in
140 1090 311 1183 operibus
330 1088 402 1160 Dei
425 1108 503 1179 quae
518 1090 562 1161 ab
578 1088 656 1182 ipso
681 1086 887 1167 sedeunt,
912 1088 1127 1175 sentiendum

80 1189 156 1281 o'st,
184 1186 282 1279 quod
303 1207 431 1260 eorum
451 1208 529 1279 que
543 1188 708 1260 videmus
728 1189 772 1260 ab
791 1208 839 1260 eo
856 1186 969 1283 fassa,
992 1190 1126 1265 ratio&

80 1288 319 1383 intelligentia
338 1298 463 1359 manet
481 1287 519 1358 in
538 1289 701 1361 occulto.
751 1282 801 1358 Et
822 1286 911 1360 ficut
929 1310 972 1361 ea
993 1310 1072 1381 que
1089 1290 1124 1363 ab

80 1384 220 1461 artifice
236 1382 438 1477 fauiasunt,
464 1404 545 1459 cum
564 1388 692 1457 ocuius
706 1382 829 1459 noster
841 1385 988 1481 videriq
1015 1386 1125 1481 siquid
1156 1442 1159 1483 Ι

79 1488 263 1583 precipue
287 1484 386 1559 fabre
407 1481 536 1557 sautum
553 1482 799 1580 prospexerit,
826 1488 1008 1559 continuo
1026 1488 1122 1581 quali·
1156 1485 1159 1576 i

81 1600 157 1671 ter,
177 1586 238 1657 vel
254 1585 464 1675 quomodo,
480 1584 539 1655 vel
556 1584 599 1654 ad
617 1604 709 1675 quos
723 1581 804 1657 usus
818 1582 947 1659 fastum
963 1586 1025 1677 sit,
1040 1586 1125 1661 ardet
1157 1587 1159 1628 ³

80 1688 220 1759 animus
252 1681 436 1757 sciscitari:
452 1712 458 1719 ·
472 1684 589 1756 mtrlto
619 1684 770 1777 amplius
800 1682 836 1755 dr
865 1682 972 1778 super
993 1696 1124 1761 omnen

81 1783 416 1877 comparationem,
451 1800 680 1873 eorumquae
707 1782 835 1877 aDeo
860 1780 952 1857 sauia
977 1784 1125 1877 pervide·

80 1905 186 1975 mus,
211 1879 384 1955 ineffabili
403 1881 577 1955 defiderio
601 1881 702 1955 ardet
722 1884 859 1955 animus
878 1880 1123 1977 agnoscerer»

80 1987 234 2060 tionem.
286 1981 398 2077 Quod
418 1980 648 2071 defiderium,
683 2000 789 2071 quem
808 2002 967 2056 amorem
987 1982 1063 2059 sure
1077 1982 1125 2058 du

81 2085 146 2161 bio
165 2104 185 2154 a
206 2080 290 2153 Deo
315 2082 423 2154 nobis
448 2079 591 2153 insitum
616 2079 813 2153 credimus:
838 2078 873 2153 dr
897 2080 989 2154 srcut
1013 2084 1126 2157 ocuiur

78 2181 289 2257 naturaiiter
312 2180 431 2251 iucem
455 2180 605 2270 requirit
641 2178 675 2250 dr
699 2180 825 2270 visum,
852 2180 886 2252 u
911 2200 1048 2275 corpur
1071 2200 1127 2256 nu·

80 2280 190 2355 sirum
204 2274 299 2350 escas
314 2276 492 2371 &potum
508 2275 681 2351 desiderat
694 2299 758 2372 per
774 2290 954 2353 naturam:
976 2283 1027 2355 ita
1037 2300 1128 2357 ment

80 2376 205 2453 nostra
220 2372 372 2449 sciendae
390 2375 554 2449 veritatis
572 2374 644 2449 Dei
663 2376 696 2449 dr
714 2398 832 2451 rerum
846 2378 970 2461 causas
990 2380 1129 2455 nosceu

78 2479 120 2549 di
142 2476 328 2570 proprium
350 2495 392 2547 ac
412 2476 574 2548 naturale
601 2475 812 2551 desiderium
834 2480 935 2574 gerit.
987 2476 1132 2575 Accepi

81 2595 163 2652 auus
181 2586 302 2647 autem
321 2594 341 2647 a
363 2573 446 2647 Deo
471 2571 563 2647 istud
581 2574 810 2668 desiderium,
842 2597 920 2650 non
942 2578 1081 2653 adhoc
1095 2588 1133 2653 ut

77 2694 154 2751 nec
176 2674 308 2748 debeat
326 2690 504 2766 unquam,
536 2693 608 2747 nec
629 2674 734 2768 poffit
752 2676 907 2770 expleri:
939 2679 1134 2769 alioquin-a

79 2774 280 2849 conditore
298 2772 385 2849 Deo
407 2773 521 2846 menti
542 2772 672 2847 nostre
692 2774 816 2851 frustra
835 2776 1020 2849 videbitur
1041 2795 1135 2863 amor

80 2875 246 2949 veritatis
265 2870 439 2966 insertus,
474 2874 696 2964 unusquam
714 2873 875 2949 desiderii
893 2894 1049 2971 compos
1067 2872 1137 2951 effi·

83 2976 189 3050 citur.
226 2970 337 3046 Unde
353 2973 386 3045 u
400 2971 439 3044 in
456 2970 525 3045 hac
536 2973 614 3045 vita
626 2975 686 3065 qui
701 2971 837 3047 summo
852 2975 977 3048 labore
990 2976 1060 3069 piis
1074 2972 1137 3050 stu·

82 3074 151 3149 diis
169 3094 211 3147 ac
232 3071 404 3167 religiosis
424 3090 570 3164 operam
588 3072 772 3166 dederint,
806 3094 1009 3165 quanquam
1031 3092 1139 3169 parva

84 3172 247 3264 quedam
262 3193 308 3245 ex
332 3172 453 3246 multis
480 3170 513 3244 dr
538 3170 715 3245 immensis
748 3174 879 3247 divine
904 3170 1062 3249 scientie
1087 3194 1139 3253 ct·

83 3273 186 3364 piant
199 3268 395 3363 thesauris,
422 3284 543 3344 tamen
559 3270 633 3343 hoc
652 3271 765 3365 ipsum
781 3270 879 3365 quod
897 3274 1039 3347 animos
1056 3270 1137 3347 suos

82 3380 316 3462 mentemque
335 3391 416 3467 erga
435 3370 512 3443 hec
530 3385 733 3463 occupant,
758 3385 866 3465 atque
881 3373 918 3444 in
931 3371 1000 3444 hac
1015 3372 1139 3449 semet·

81 3466 180 3562 ipsos
200 3469 397 3562 cupiditate
415 3468 662 3563 preveniunt,
699 3472 850 3545 multum
867 3472 1035 3549 utiiitatia
1052 3470 1140 3546 acri·

82 3568 190 3663 piunt
209 3588 254 3639 ex
274 3570 348 3641 hoc
369 3566 446 3662 ipso
466 3567 565 3660 quod
584 3569 723 3642 animos
744 3567 825 3643 suos
850 3568 1137 3667 aci-inquirende

74 3668 248 3741 ueritatis
261 3666 413 3742 stufflum
427 3686 658 3759 amoremque
674 3683 914 3764 convertunt,
937 3670 1141 3769 &paratio-

84 3786 144 3844 rea
155 3784 225 3865 ¹eoa
235 3764 374 3859 sariunt
389 3766 433 3845 ad
447 3765 661 3843 eruditionis
674 3766 802 3846 sutura
817 3774 1084 3867 capacitatem
1101 3766 1139 3845 u·

145 3928 149 3937 .
1030 3882 1094 3947 cut
