2498 4254
191 122 317 227 'os
365 144 705 246 uniuersus,
754 145 949 231 trouv.
1051 102 1151 253 ur

53 396 60 407 ¹
94 368 98 379 .
137 336 194 409 33.
219 313 270 387 Et
290 280 406 407 primo
432 312 574 405 quidem
597 311 774 385 sciendum
795 312 846 385 est
867 313 966 406 quod
988 337 1123 393 nomen

58 411 172 511 ipsum
189 417 344 487 materia
360 435 429 506 pro
452 436 493 486 ea
507 412 696 486 substantia
714 435 791 504 quae
808 409 941 507 subesse
961 418 1123 509 corpori·

59 516 127 589 bus
147 515 298 606 dicitur,
325 514 479 605 positum
493 514 530 585 in
546 512 725 606 scripturis
746 514 934 586 canonicis
947 538 1122 607 nusquam
1224 496 1244 587 .’

58 636 174 708 usque
199 615 242 686 ad
263 611 412 707 praesens
428 613 643 688 invenimus.
695 612 787 686 Illud
809 617 902 687 enim
919 618 1015 708 quod
1035 617 1122 690 dicit
1216 638 1219 645 ’

54 711 195 791 Esaias:
228 716 273 786 Et
291 716 422 783 comedet
433 715 514 808 ficut
530 713 657 804 fenum
676 712 770 791 inm,
797 713 833 784 id
852 713 902 787 est
916 717 1120 791 materiam:

57 816 182 888 dicens
204 810 248 889 de
265 813 394 905 eisqui
415 813 452 883 in
474 808 651 908 suppliciis
679 812 862 886 constituti
884 812 982 906 sunt,
1010 831 1120 889 mate·

54 915 146 1015 tiam
164 912 283 1007 posuit
298 933 367 1005 pro
387 915 557 1007 peccatis.
599 911 678 1015 'Sed
704 912 860 985 &sictrbi
877 914 914 985 iu
938 917 1007 988 alio
1031 918 1123 990 loco

58 1013 228 1107 scriptum
247 1013 345 1085 sorte
369 1013 524 1086 materiae
541 1018 675 1086 nornen
699 1011 776 1106 est,
801 1035 974 1105 nusquam
991 1030 1032 1087 ut
1049 1038 1119 1111 ego

62 1116 219 1186 arbitror
241 1114 314 1185 hoc
338 1107 381 1184 de
401 1134 473 1203 quo
497 1135 593 1185 nunc
611 1113 794 1205 quaerimus
809 1110 1003 1208 significare
1019 1110 1121 1188 invess

56 1212 525 1305 utetur‚nis1tantumm0d0
541 1213 579 1285 in
594 1213 772 1305 Sapientia
782 1235 857 1304 qua
877 1213 1005 1288 dicitur
1020 1215 1121 1311 Salo5

59 1314 193 1405 monis,
209 1313 267 1404 qui
284 1313 408 1402 utique
424 1313 601 1385 libernon
614 1316 656 1385 ab
675 1313 839 1385 omnibus
859 1313 896 1385 in
907 1314 1121 1401 auctoritate

59 1414 224 1499 habetur.
274 1410 330 1505 Ibi
354 1418 474 1484 tamen
488 1408 656 1506 scriptum
671 1412 873 1486 invenimus
897 1414 971 1487 hoc
993 1417 1118 1492 modo,

59 1517 144 1586 Non
159 1517 264 1599 enim,
297 1512 435 1609 inquit,
473 1513 577 1583 deerat
603 1519 813 1609 omnipotenti
831 1521 944 1584 manui
969 1531 1030 1586 tun
1053 1542 1120 1614 quae

58 1631 224 1686 creaverat
236 1611 388 1711 mindam
405 1639 443 1703 ep
459 1613 594 1705 infonni
610 1618 764 1702 materia,
791 1619 962 1684 immittere
980 1616 1025 1686 eis
1042 1618 1122 1706 mul·

60 1717 231 1787 titudinem
246 1713 406 1804 ursorum,
432 1716 485 1782 vel
494 1714 613 1804 feroces
625 1716 737 1785 leones.
828 1714 1053 1806 uamplurimi
1073 1716 1129 1789 sa?

60 1837 107 1887 ne
121 1828 249 1906 putant
263 1833 382 1886 rerum
397 1810 504 1904 ipsam
520 1814 703 1903 materiam
714 1716 901 1909 signidem
911 1815 948 1886 in
962 1837 1007 1888 eo
1021 1815 1120 1906 quod

61 1914 101 1986 in
119 1913 294 2006 principio
313 1912 459 1985 Genesis
475 1911 643 2006 scriptum
663 1913 713 1986 est
732 1914 917 2006 aMoyse:
946 1921 985 1986 In
1001 1920 1122 2010 princi·
1188 2000 1193 2010 Ι

55 2020 112 2112 pio
118 2015 200 2106 fecit
224 2018 309 2084 Deus
325 2015 430 2083 culum
443 2016 480 2089 (5
495 2034 634 2099 terram,
663 2033 749 2084 terro
766 2031 870 2084 autem
884 2032 954 2085 erat
972 2017 1122 2111 invisibi'·
1173 2034 1176 2039 ·

60 2119 103 2187 lis
121 2113 161 2191 dt
181 2115 387 2210 incompofita.
445 2111 663 2186 Invifibilem-
679 2136 829 2205 namque
851 2114 884 2186 ἃ
906 2116 1122 2209 incomposi-

60 2229 134 2288 tam
151 2228 282 2287 terram
295 2235 370 2286 non
388 2214 482 2286 aliud
496 2214 546 2285 eis
561 2213 710 2305 Moyses
729 2236 833 2306 quam
847 2214 1038 2308 informem
1051 2237 1122 2308 mae

59 2315 186 2389 teriam
199 2313 294 2386 visus
310 2313 360 2387 est
374 2314 541 2388 indicare.
595 2315 707 2412 Quod
721 2315 745 2386 sr
758 2335 845 2386 vere
858 2315 932 2387 baec
949 2315 1000 2387 est
1012 2330 1123 2390 mate-

58 2417 138 2508 ria,
172 2413 313 2487 constat
344 2415 475 2487 exinde
499 2415 793 2487 inconvertibilia
823 2436 900 2488 non
928 2414 1002 2488 else
1021 2417 1124 2490 initia
1164 2428 1166 2433 “

60 2534 270 2609 corporum.
321 2511 417 2587 Nam
437 2515 473 2586 hi
491 2516 550 2605 qui
566 2529 736 2609 atomos,
764 2516 825 2586 vel
844 2538 886 2587 ea
902 2538 978 2607 quae
991 2516 1027 2587 in
1043 2537 1123 2608 par·

28 2671 29 2674 ,
61 2629 117 2688 tes
134 2615 260 2689 venire
278 2635 355 2686 non
372 2612 540 2707 possunt,
567 2616 628 2685 vel
645 2636 686 2686 ea
701 2637 776 2706 quae
788 2617 824 2687 in
839 2620 987 2706 aquales
1001 2631 1122 2708 partes

61 2716 245 2805 veniunt,
280 2716 342 2785 vel
362 2736 473 2785 unum
495 2714 640 2805 aliquod
662 2717 877 2788 elementum
903 2736 1022 2787 rerum
1042 2737 1125 2789 cor·

60 2815 240 2909 poralium
264 2815 437 2909 principia
453 2813 679 2907 posuerunt,
710 2836 846 2888 nomen
869 2817 1052 2907 materiae,
1084 2813 1125 2903 id
1153 2884 1156 2891 .

63 2914 115 2988 est
133 2913 231 3007 quod
247 2913 490 3007 principaliter
503 2916 684 2987 materiam
700 2911 892 3009 siguificat,
918 2917 1012 2987 inter
1028 2915 1126 3006 prin·
1150 2988 1153 2995 ,

63 3015 157 3107 cipia
171 3013 415 3089 statuerenon
434 3027 643 3106 potuerunt.
694 3013 824 3105 Neque
844 3017 935 3087 enim
955 3037 1035 3086 curn
1053 3037 1124 3087 ma·

61 3114 190 3187 teriam
212 3111 401 3205 subjiciunt
420 3114 518 3185 omni
542 3114 689 3206 corpori
715 3136 779 3209 per
798 3116 918 3187 omnia
940 3115 1125 3186 converti·
1238 3130 1244 3155 ⁸

60 3211 416 3289 bilemtubstantiam
435 3214 495 3286 vel
508 3214 713 3285 mutabilem
731 3216 790 3287 vel
811 3215 1041 3303 divisibilem,
1065 3222 1127 3287 ex'·

62 3330 120 3387 tra
138 3315 326 3406 qualitates
343 3336 419 3385 eam
439 3312 630 3387 secundum
646 3317 905 3407 proprietatem
924 3312 1125 3405 subjicient.

27 3416 30 3421 ’
65 3414 207 3513 Quibus
223 3415 329 3486 etiam
348 3435 416 3485 nos
434 3412 708 3504 acquiescimus,
735 3416 794 3504 qui
811 3415 909 3485 omni
922 3435 1052 3509 genere
1066 3415 1127 3487 ab·

62 3515 204 3587 nuimus
220 3512 413 3609 ingenitam
428 3515 490 3584 vel
507 3511 672 3585 infectam
692 3512 762 3586 dici
779 3514 959 3586 materiam
974 3514 1127 3609 debere,

64 3611 255 3688 secundum
269 3612 345 3685 haec
362 3635 437 3703 quae
448 3613 484 3686 in
493 3613 675 3705 prioribus
688 3631 802 3706 prout
812 3615 994 3708 potuimus
1010 3614 1127 3687 osten·

65 3712 203 3807 dimus,
230 3734 311 3787 cum
330 3714 435 3785 etiarn
454 3735 498 3786 ex
518 3735 630 3806 aqua,
658 3712 830 3808 &terra‚
858 3735 964 3807 aere,
990 3716 1052 3786 vel
1072 3736 1128 3786 ca·

64 3813 173 3908 lore,
199 3809 423 3915 perhdi'versa
445 3813 612 3913 arborum
634 3835 766 3915 genera
791 3810 952 3892 diversos
975 3802 1129 3886 ostendi·¹

1006 3926 1098 3985 must
