2498 4254
173 188 256 269 oe
302 186 660 317 rainerium
692 186 795 315 tm
823 188 868 271 rt
992 132 1054 289 [rs

68 352 270 450 eposium,
295 356 370 431 aliae
387 377 486 447 ,vero
504 352 778 449 proficientibus
795 354 988 427 certamina
1004 368 1056 439 at·

89 475 224 551 agones
246 470 423 550 movent,
460 455 646 547 inquibus
673 475 798 526 eorum
828 452 1053 547 probabilior

68 567 188 627 eretur
214 554 400 650 industrie,
436 556 621 629 &certior
646 552 728 648 post
750 552 937 627 vidioriam
952 574 1054 646 repa·

94 653 224 751 gradus
257 652 363 729 statio
401 667 586 728 teneretur
620 676 697 748 quae
728 674 793 748 per
827 649 1054 727 difficultates
1079 656 1084 703 ί

68 756 233 827 arantium
254 754 474 831 constitisset.
866 832 872 845 ,

68 872 100 945 3.
128 856 303 954 Quamvis
321 875 408 951 ergo
432 855 469 927 in
483 854 627 928 diversis
643 854 684 927 fit
699 851 827 927 'officiis
849 848 1053 947 ordinatus,

87 963 209 1025 tamen
226 952 402 1027 dissonans
421 968 526 1046 atque
546 976 567 1027 a
585 952 619 1026 se
641 950 839 1049 discrepans
856 952 980 1027 mundi
996 965 1055 1023 to·

75 1052 327 1149 intelligendus
344 1052 396 1127 est
412 1054 539 1127 status:
565 1052 624 1127 sed
635 1054 725 1127 ficut
744 1074 876 1147 corpus
891 1049 1055 1135 nostrum

68 1172 100 1224 m
120 1175 166 1225 ex
186 1152 305 1225 multis
330 1156 495 1229 membris
518 1168 676 1247 aptatum
703 1152 753 1226 est
772 1154 806 1225 ἂ
826 1154 870 1226 ab
891 1172 963 1223 una
981 1150 1054 1222 ani·

68 1251 298 1347 continetur,
325 1254 427 1325 ita&
441 1252 645 1327 universum
666 1253 837 1327 mundum
854 1252 962 1325 velut
981 1250 1055 1321 anl-

84 1350 265 1442 quoddam
290 1352 496 1427 immensum
522 1365 629 1445 atque
654 1356 807 1429 immane
833 1350 1054 1445 opinandum

68 1470 103 1543 r,
148 1450 247 1542 quod
283 1452 376 1544 quafi
409 1454 452 1525 ab
484 1474 555 1526 una
589 1454 704 1535 anima
737 1454 875 1525 virtute
909 1450 982 1523 Dei
1012 1446 1056 1542 asc

68 1562 129 1622 ›n'e
145 1542 321 1626 teneatur.
373 1553 486 1652 Quod
509 1554 615 1628 etiam
640 1552 794 1642 asantla
810 1549 982 1644 scriptura
1002 1548 1056 1621 in·

68 1650 97 1721 ri
113 1651 268 1727 arbitror
285 1672 350 1744 per
364 1652 452 1725 illud
475 1653 573 1745 quod
589 1652 718 1727 dictum
736 1652 786 1728 est
810 1671 876 1747 per
896 1648 1057 1743 Prophe-

68 1774 79 1823 :
107 1752 226 1822 Nonne
240 1752 344 1823 calum
362 1750 401 1831 (5
412 1770 530 1823 terram
547 1778 594 1847 ego
607 1755 703 1849 repleo
718 1756 796 1822 dicit
814 1744 996 1837 Dominus?
1020 1746 1057 1833 δι

68 1868 136 1923 lm:
165 1853 279 1921 calum
303 1854 385 1922 mihi
400 1854 506 1940 sedes,
534 1868 622 1923 terra
645 1869 751 1924 autem
768 1852 927 1935 [cadesam
944 1850 1055 1943 pedum

68 1972 141 2043 nm,
168 1950 316 2043 &quod
338 1950 507 2025 Salvator
525 1952 639 2045 dixit,
668 1974 749 2025 cum
772 1952 821 2027 ait
837 1970 914 2022 non
933 1949 1055 2039 juran-

68 2072 188 2147 lmque
200 2073 258 2149 per
281 2054 406 2133 calum,
431 2058 507 2150 quia
520 2053 604 2142 sedes
630 2058 693 2123 Dei
711 2051 772 2148 esi:
796 2074 894 2143 neque
910 2068 966 2144 per
988 2061 1055 2117 ter·

69 2144 185 2247 ,²quia
196 2152 359 2240 scabellum
374 2156 485 2249 pedum
503 2158 571 2250 ejus
595 2152 644 2244 est.
695 2151 765 2224 Sed
791 2147 930 2222 &illud
953 2145 1055 2240 quod

68 2246 179 2323 ’aulus
199 2272 281 2325 cum
300 2252 393 2348 apud
410 2250 649 2327 Athenienses
673 2250 975 2341 concionaretur,
1004 2246 1055 2321 di·

70 2352 257 2441 'quoniam
279 2359 317 2422 in
340 2356 401 2448 ipsa
417 2359 588 2437 vivimus,
614 2354 652 2427 U
672 2374 849 2435 movemur,
878 2352 915 2425 d
925 2350 1054 2438 farmus.

68 2448 187 2522 modo
211 2453 360 2525 enimin
381 2452 467 2526 Deo
494 2452 678 2544 vivimus,
713 2450 979 2542 &movemur‚
1018 2445 1055 2520 dc

68 2570 79 2621 ι
98 2549 138 2621 in
155 2548 240 2622 Deo
264 2551 445 2647 vivimus,
473 2552 508 2624 u
527 2572 741 2643 movemur,
769 2549 961 2639 &sumum
988 2546 1055 2620 nist

68 2646 84 2721 i
107 2648 245 2723 virtute
269 2648 329 2723 sua
358 2650 562 2725 universum
587 2650 797 2747 constringit
827 2649 861 2721 dc
887 2648 1054 2721 continet

69 2746 182 2821 dum?
221 2750 422 2849 Quomodo
451 2765 571 2825 autem
598 2747 852 2851 caelumusedes
879 2746 952 2819 Dei
980 2744 1051 2837 est,

68 2866 141 2919 erra
165 2846 355 2924 scabellum
379 2850 510 2945 pedum
536 2851 636 2943 ejus,
669 2850 758 2923 ficut
784 2849 857 2941 ipse
882 2846 1052 2948 Salvator

68 2948 225 3041 tranmat,
257 2949 321 3023 nisa
347 2950 428 3041 quia
453 2950 487 3021 u
510 2950 548 3023 in
573 2951 662 3024 caelo
690 2949 785 3021 &in
810 2960 907 3019 terra
932 2944 1051 3021 virtus

87 3048 208 3139 replet
231 3048 397 3121 universa
418 3051 507 3123 ficut
533 3049 567 3122 &
592 3048 680 3122 dicit
707 3041 920 3120 Dominus?
947 3044 1051 3141 Quo-

71 3167 95 3219 o
125 3167 213 3243 ergo
238 3168 366 3241 parens
393 3149 563 3221 omnium
576 3146 680 3222 Deus
705 3144 923 3219 universrum
947 3162 1050 3215 mun-

85 3246 234 3331 virtutis
251 3249 473 3340 plenitudine
489 3248 626 3342 repleat
643 3262 751 3339 atque
768 3246 976 3335 contineat,
1002 3242 1050 3313 eit

70 3366 149 3437 quae
182 3345 397 3420 ostendimus
431 3371 508 3420 non
538 3360 630 3441 puto
667 3366 879 3438 quemquam
904 3341 1049 3417 difficul-

68 3464 231 3518 mnuere.
281 3446 456 3541 Jam-sane
480 3448 649 3545 quoniam
670 3442 830 3518 diversos
853 3457 975 3517 motus
994 3460 1050 3513 ra·

68 3545 211 3617 abilium
239 3558 507 3640 creaturarum,
546 3548 736 3635 variasque
756 3543 947 3617 sententias
967 3561 1050 3613 cau·

71 3642 203 3717 dedisse
232 3643 443 3719 diversitatis
463 3647 598 3719 mundo
618 3646 726 3737 huic,
753 3643 868 3716 sermo
891 3641 1049 3736 superio·

68 3741 296 3839 ‚ispntationis
318 3746 495 3839 ostendit,
520 3744 786 3818 videndumne
806 3744 905 3816 sorte
930 3738 1047 3813 similis

68 3852 90 3918 ο
116 3842 233 3917 exitus
259 3866 405 3941 quoque
429 3846 514 4019 hussc
540 3843 676 3921 mundo
702 3844 930 4010 conveniat&
967 3836 1046 3908 Du·

529 3966 548 4053 3
921 3956 995 4011 lum
