2498 4254
142 214 149 235 r
261 100 968 244 Tannrnnrunruru.
1081 116 1222 242 on*

88 327 227 425 sapiens
253 329 318 424 srt,
352 334 471 406 zelum
494 345 616 408 tamen
638 326 711 427 prae
735 328 770 403 se
798 330 915 422 feret,
940 340 983 401 ut
1009 336 1052 403 ea
1072 324 1157 404 fieta

87 430 207 524 specie
230 433 345 504 veluti
368 434 636 505 medicamento
655 430 821 524 'quodam
841 426 1021 503 infirmum
1048 426 1156 525 spon·
1204 437 1210 461 ⁶

90 529 135 604 sae
159 531 313 603 animum
336 526 551 606 consumere
578 531 632 605 'irc
651 531 920 627 legislatorem,
951 527 1155 623 maximesr

90 635 317 724 primogenitus
333 646 504 723 appareat
519 636 618 700 omnir
635 648 801 716 creatura,
820 628 863 700 ad
880 630 1031 703 animam
1047 624 1155 720 spoti-

88 727 160 802 sam
181 727 276 802 suam
300 729 420 803 Deum
441 728 476 802 se
498 733 659 805 zelotem
680 727 750 802 elle
779 728 926 819 dicere,
961 738 1005 799 ut
1031 728 1093 819 qui
1116 726 1155 798 id

90 828 267 901 audierint
296 850 362 901 eos
393 831 436 901 ab
465 831 565 903 omni
594 829 892 921 cumdaemoniis
924 847 1079 917 cumque
1109 826 1181 931 iit⁴
1235 828 1240 840 '

80 928 150 1017 'qui
175 926 346 999 dicuntur
370 926 441 1000 elle
469 928 541 1011 dii,
569 928 817 1001 fornicatione
843 922 1034 1000 deterreat.
1085 921 1156 997 At·

86 1046 163 1115 ·que
183 1038 225 1097 ut
242 1026 345 1099 Deus
368 1027 418 1099 ita
438 1029 579 1100 zelotes
601 1030 651 1099 ait
676 1027 721 1099 de
741 1028 783 1098 iis
806 1026 865 1118 qui
890 1026 1056 1117 quolibet
1076 1043 1177 1109 mo.

90 1126 139 1196 do
160 1123 240 1218 post
256 1125 360 1205 Deos
375 1126 513 1228 alienos
531 1128 700 1215 abierint:
730 1127 788 1223 lpfi
805 1152 851 1196 me
864 1128 905 1197 ad
921 1127 1024 1196 zelum
1037 1147 1154 1222 provo·

91 1241 251 1295 caverunt
265 1229 301 1295 in
316 1229 425 1323 ecqui
442 1249 507 1294 non
524 1243 595 1298 erat
620 1232 733 1312 Deus3
758 1225 797 1303 (5
810 1251 859 1319 ego
868 1225 1035 1322 provocabo
1052 1249 1100 1296 eos
1115 1228 1155 1295 in

80 1334 124 1394 'eo
152 1330 210 1419 qui
233 1350 296 1394 non
316 1325 356 1423 efl
379 1326 529 1423 populus,
562 1326 600 1403 Θ·
624 1332 774 1421 ingente
790 1326 892 1421 stulta
911 1326 1046 1396 irritabo
1066 1327 1153 1410 idos,

90 1431 240 1521 quoniam
252 1430 334 1519 ignis
348 1424 506 1514 succensus
526 1427 566 1526 esi
582 1453 621 1498 ex
629 1428 745 1520 furore
762 1452 844 1514 meo,
870 1426 990 1497 ardebit
1003 1424 1100 1525 usque
1113 1422 1155 1496 ad

90 1523 258 1615 infernum
282 1528 437 1615 infimum.

168 1645 222 1698 10.
237 1623 350 1719 Quod
364 1625 389 1698 sr
402 1644 481 1698 non
496 1622 555 1695 sua
570 1624 676 1717 ipfius
687 1620 788 1697 causa
801 1622 947 1719 sponsus
959 1632 1092 1716 utpote
1106 1618 1154 1693 sa·

88 1722 193 1816 piens
209 1723 345 1795 &nulli
365 1725 630 1817 perturbationi
654 1725 855 1808 obnoxius,
886 1725 930 1796 ab
949 1722 1049 1795 omni
1071 1700 1154 1793 labe

81 1818 150 1893 'fibi
164 1820 409 1913 desponsatam
428 1825 618 1894 auerterit:
637 1834 674 1894 at
688 1837 788 1895 certe
806 1822 912 1915 ipsius
925 1824 1036 1917 gratia
1052 1821 1155 1909 cujus

86 1917 209 1990 sordes
236 1921 617 2010 abominationemque
645 1920 793 2013 videat,
824 1922 912 1993 nihil
939 1940 1017 1993 non
1045 1917 1156 2005 faciet
1189 1954 1197 1965 ·

90 2018 189 2108 quod
213 2017 321 2109 ipsam
346 2016 467 2092 sanare
493 2018 597 2115 polilt
627 2019 661 2091 dr
686 2034 929 2111 convertere,
956 2018 1157 2092 adhibebit·

88 2136 161 2206 que
180 2129 222 2186 ut
246 2117 366 2189 liberae
388 2139 437 2190 ac.
456 2117 505 2191 sui
534 2121 668 2192 arbitrii
687 2133 823 2192 naturae
846 2123 1007 2192 rationes
1032 2138 1110 2218 quar
1135 2134 1157 2188 a

85 2212 210 2307 stupro
228 2216 446 2293 deterreant.
498 2222 616 2315 Quam
633 2219 740 2315 igitru
753 2223 870 2294 labem
889 2216 1156 2387 putaveris-'ge-

89 2317 265 2387 tenorem
296 2317 388 2389 inuri
420 2315 519 2411 polle
554 2322 681 2391 animae
710 2339 788 2411 quae
817 2320 924 2391 aliurn
949 2336 1087 2409 quomo
1115 2334 1157 2388 o·

90 2433 245 2503 cumque
262 2418 532 2489 renunciaverit
544 2416 685 2510 Deum,
711 2438 781 2491 nec
799 2440 881 2491 eum
903 2413 1063 2490 confeffa
1079 2414 1157 2486 fue-

87 2514 137 2584 rit
154 2516 213 2602 qui
233 2534 321 2585 vere
339 2528 434 2588 unus
456 2514 489 2588 dt
510 2515 605 2589 solus
625 2514 677 2590 est
694 2514 902 2590 Dominus?
928 2513 1157 2608 Equidemut

90 2613 152 2702 qui
170 2612 308 2683 adheret
331 2619 512 2704 meretrici,
539 2641 639 2685 unum
659 2638 765 2713 corpus
793 2614 966 2707 efficitur,
998 2614 1046 2688 fic
1067 2610 1158 2685 arbi·

87 2722 168 2781 tror
192 2732 273 2784 eum
296 2718 356 2801 qui
380 2716 534 2805 aliquem
557 2710 781 2807 confitetur,
816 2735 863 2786 eo
889 2715 1042 2787 maxime
1067 2720 1158 2783 tern'·

88 2828 183 2902 pore
198 2830 271 2900 quo
286 2809 331 2882 de
346 2808 419 2885 fide
435 2815 624 2905 inquiritur
647 2814 933 2904 adhibenturque
958 2820 1156 2904 tormenta,

89 2905 314 2981 commisceri
332 2909 366 2982 dc
381 2913 475 2983 uniri
493 2914 526 2984 ei
543 2930 649 3004 quem
671 2907 885 2986 confitetur:
911 2913 971 3001 qui
988 2929 1080 2982 vero
1095 2928 1159 2980 ne·

86 3020 172 3101 gat,
196 3005 269 3099 ipsa
289 3012 483 3103 negatione
505 3012 564 3083 sua
580 3009 807 3102 quafiacuto
828 3012 985 3103 quodam
1010 3006 1157 3103 gladio,
1241 3032 1246 3055 ¹

89 3108 135 3179 ab
158 3107 223 3178 illo
248 3128 354 3197 quem
375 3122 484 3206 negat
507 3109 617 3181 dividi
638 3130 679 3182 ac
701 3105 865 3207 separari.
918 3112 1157 3204 Quapropter

88 3204 300 3298 videnum,
324 3208 424 3296 quod
441 3208 707 3299 consequenter
728 3208 868 3281 accidat
892 3227 934 3280 ac
958 3203 1156 3281 netellario

88 3319 132 3378 ut
149 3326 232 3378 eum
251 3304 472 3381 confiteatur
489 3306 647 3388 Christus
663 3308 723 3400 qui
746 3305 781 3379 se
792 3306 977 3380 'conseilus
994 3305 1054 3395 nt,
1073 3324 1157 3377 eum

88 3424 183 3477 vero
205 3407 266 3495 qui
288 3410 496 3503 negaverit,
522 3418 651 3505 neget,
677 3403 865 3481 diuum-fit
885 3404 995 3479 illud:
1023 3408 1093 3497 Qui
1109 3427 1158 3474 me

85 3502 241 3597 'ronfeſjus
252 3506 362 3596 fuerit
384 3530 486 3578 corum
508 3509 687 3578 nominibus
711 3506 878 3597 confitebor
896 3504 935 3579 (5
961 3530 1009 3600 ego
1023 3530 1091 3575 eum
1109 3528 1158 3574 co·

90 3629 161 3676 ram
180 3624 272 3701 parre
286 3631 348 3679 nuo
364 3613 422 3704 qui
438 3612 476 3679 in
490 3610 570 3678 celis
593 3608 644 3704 eft.
694 3604 831 3679 Dicere
850 3604 958 3679 etiam
973 3602 1087 3700 ‚poffit
1106 3603 1158 3696 ip·-

90 3703 167 3793 sum
191 3709 343 3782 verbum
370 3705 493 3801 &ipsa
519 3708 653 3780 veritas
676 3717 753 3778 tum
776 3702 970 3779 confitenti
992 3710 1075 3779 curn
1094 3702 1159 3774 ne'·

91 3802 223 3907 glutit²
235 3808 277 3887 ln
290 3800 359 3921 grta
382 3809 534 3899 mensuro
546 3808 644 4006 mgrfi
656 3806 819 3899 fueritis,
846 3790 1158 3880 remetietitt''olbir³e

161 3972 378 4011 .
623 3924 698 4001 na
934 3941 937 3945 ·
1068 3914 1124 3968 2*
