2498 4254
85 202 154 291 138
398 188 805 273 ortlomvls

83 366 249 449 quantam
262 352 324 427 fibi
345 350 451 428 sciret
470 353 514 428 ad
529 366 696 427 ornatum
713 350 834 426 mundi
847 348 949 445 posse
968 346 1139 435 sufficere.

83 456 174 536 Haec
191 473 279 547 ergo
290 451 370 533 sunt
384 476 461 543 quae
474 456 512 528 in
524 453 648 539 initio,
674 452 773 527 idest
786 465 869 525 ante
885 452 1009 525 omnia
1023 450 1139 539 aDeo

84 565 205 628 creata
228 550 297 625 ess'e
323 552 588 626 existimandum
615 553 675 628 est.
726 548 839 651 Quod
864 550 1009 644 quidem
1033 552 1137 631 etiam

83 655 122 727 in
136 652 201 725 illo
217 651 322 725 initio
339 653 437 744 quod
451 650 601 744 Moyses
617 653 787 725 latentius
802 650 1026 743 introduxit,
1051 650 1137 733 indi·

84 753 157 825 cari
172 763 335 844 putamus
354 774 435 825 cum
458 752 570 825 dicit:
599 751 643 825 Io
659 757 818 848 principib
827 750 910 842 fecit
933 754 1022 821 Deus
1032 750 1136 821 celum

83 852 123 929 (5
141 867 268 923 terram.
319 849 466 925 Certum
483 852 639 925 estenim
653 854 822 943 quianon
835 850 879 923 de
897 846 1136 943 firmamento,

82 972 200 1042 neque
215 951 260 1023 de
275 951 390 1044 arida,
414 950 474 1025 sed
488 952 533 1025 de
546 953 609 1023 illo
627 953 719 1024 coelo
737 962 885 1023 aeterra
900 950 1040 1023 dicatur
1053 968 1135 1040 quo

82 1070 163 1124 rum
187 1051 314 1121 coelum
335 1051 408 1123 hoc
429 1051 463 1122 or
484 1064 581 1125 terra
604 1072 707 1144 quam
726 1050 889 1124 videmus
910 1100 925 1143 ,
958 1048 1135 1123 vocabula

82 1148 209 1245 postea
222 1160 382 1222 mutuata
400 1148 490 1227 sunt.

159 1268 192 1321 a.
220 1249 355 1321 Verum
375 1250 543 1341 quoniam
564 1249 794 1324 rationabiles
812 1247 885 1322 istae
901 1259 1037 1322 namrae
1053 1265 1133 1340 qual

82 1347 122 1419 in
137 1346 240 1419 initio
265 1345 373 1419 factas
391 1348 493 1441 supra
517 1348 693 1440 diximus,
718 1346 817 1422 fattae
843 1345 923 1421 sunt
948 1368 1033 1439 cunr
1056 1358 1132 1435 anu

82 1443 308 1539 nonerunt,
334 1446 407 1520 hoc
429 1447 505 1542 ipso
529 1448 611 1540 quia
630 1463 854 1541 nouerant,
880 1447 915 1521 δι
936 1444 1006 1521 effe
1025 1464 1132 1537 coepeq

82 1557 197 1639 runt,
222 1544 418 1620 necell‘ario
439 1548 697 1621 convertibiles
722 1548 757 1621 ἃ
778 1547 965 1621 mutabiles
983 1542 1132 1623 substite.

81 1658 191 1718 runt:
217 1648 386 1737 quoniam
410 1668 640 1739 quecumque
662 1647 778 1720 inerat
799 1645 997 1721 substantiae
1020 1662 1134 1720 earum

82 1745 224 1836 virtus,
258 1766 336 1819 non
352 1748 561 1820 naturaliter
573 1748 711 1838 inerat,
737 1745 796 1820 sed
816 1742 996 1842 beqeficio
1018 1740 1132 1835 condi-2

81 1842 173 1917 toris
197 1842 334 1920 efferta.
387 1846 499 1943 Quod
519 1866 607 1940 ergo
633 1843 734 1938 sunt,
759 1866 837 1919 non
857 1844 908 1918 est
926 1842 1131 1939 proprium¹¹

81 1964 152 2024 nec
167 1942 438 2038 sempiternum,
463 1944 522 2019 sed
535 1946 650 2019 aDeo
665 1946 795 2020 datum.
845 1944 937 2017 Non
954 1939 1132 2025 enimsem-¹

81 2042 256 2136 perluit:
284 2044 319 2116 u
335 2066 444 2118 omne
465 2045 563 2135 quod
586 2045 706 2118 datum
725 2043 803 2137 est,
829 2044 935 2117 etiam
956 2036 1131 2115 auferri&

82 2142 253 2214 recedere
270 2143 401 2235 potest.
452 2144 660 2216 Recedendi
675 2157 793 2216 autem
811 2144 912 2216 causa
930 2143 968 2215 in
982 2162 1030 2214 eo
1047 2140 1130 2231 erit,

81 2240 108 2313 sr
132 2260 210 2314 non
234 2238 330 2315 recle
357 2242 391 2314 δι
415 2242 651 2335 probabiliter
674 2243 981 2337 dirigiturmotus
1008 2238 1132 2313 animo

81 2360 172 2413 rum.
222 2340 462 2413 Voluntarios
485 2342 578 2415 enim
601 2342 635 2413 ἀ
658 2343 792 2415 liberos
816 2356 938 2415 motus
956 2362 977 2413 a
995 2337 1030 2411 se
1056 2348 1132 2412 coae'

83 2436 165 2511 ditis
185 2438 364 2512 mentibus
388 2454 532 2513 creator
555 2441 717 2534 indulllt,
752 2461 825 2532 quo
846 2440 981 2514 scilicet
1002 2440 1132 2513 bonum

81 2538 121 2609 in
138 2536 188 2609 eis
206 2538 394 2632 proprium
405 2537 536 2634 fieret,
564 2562 643 2614 cum
656 2541 693 2613 id
706 2542 900 2613 voluntate
915 2539 1063 2634 propria
1074 2535 1133 2609 serk'

83 2650 246 2709 varetur:
272 2638 330 2711 sed
342 2638 468 2713 defidia
484 2636 868 2714 &laboris'taediumin
885 2636 1063 2711 servando
1074 2638 1134 2709 bo*

81 2756 159 2837 no,
186 2736 376 2815 &aversio
396 2760 437 2811 ac
455 2738 669 2836 'negligentia
683 2740 893 2830 meliorum,
918 2736 1061 2811 initium
1082 2734 1134 2807 dc'·

82 2834 135 2911 dit
145 2836 498 2913 recedendiabono.
549 2838 735 2911 Recedere
749 2853 867 2911 autem
881 2837 1039 2927 abon0‚
1060 2850 1135 2907 noa

82 2934 176 3011 aliud
197 2935 249 3009 est
270 2958 376 3028 quam
403 2937 495 3011 effici
515 2938 554 3010 in
572 2939 679 3012 malo.
742 2934 890 3010 Certum
913 2956 1068 3027 namque
1091 2921 1138 3007 cst

80 3038 212 3111 malum
238 3036 434 3131 elleboro
461 3057 595 3111 carere.
656 3034 715 3109 'Ex
741 3058 815 3128 qvo
841 3035 999 3130 accidit,
1032 3050 1076 3107 ut
1104 3032 1137 3105 in

82 3148 214 3226 quanta
234 3134 394 3211 mensura
415 3138 492 3228 quis
522 3136 783 3219 devolveretur
803 3158 824 3209 a
843 3135 975 3227 bon0‚
1007 3134 1047 3207 in
1066 3148 1137 3218 tam

80 3246 155 3306 tam
166 3232 363 3310 mensuram
378 3237 519 3311 malitiae
533 3235 733 3311 deveniret.
783 3235 826 3309 In
841 3256 915 3329 quo
929 3235 1057 3325 utique
1073 3250 1139 3329 pro

80 3334 240 3406 motibus
258 3334 326 3408 suis
346 3356 565 3427 unaquaeque
588 3357 689 3409 mens
708 3336 771 3409 vel
789 3335 959 3427 amplius,
986 3336 1046 3406 vel
1066 3350 1140 3427 par-

82 3431 158 3503 cius
176 3433 314 3508 bonum
329 3436 532 3531 negligens,
558 3437 596 3506 in
612 3434 832 3507 contrarium
847 3432 936 3506 boni
954 3432 1056 3523 quod
1071 3432 1141 3507 lind

82 3530 194 3604 dubio
217 3535 347 3606 malum
371 3532 444 3626 est,
470 3534 689 3607 trahebatur.
738 3530 796 3605 Ex
822 3553 895 3624 quo
921 3530 1070 3605 videtur
1094 3528 1142 3625 seg

79 3630 177 3707 mina
194 3631 352 3721 quaedam
378 3633 412 3705 δι
437 3631 556 3705 causas
573 3632 758 3705 varietatis
783 3653 825 3705 ac
850 3630 1066 3705 diversrtatis
1083 3630 1144 3708 illc

81 3730 241 3805 omnium
261 3731 433 3807 conditor
452 3731 644 3827 accepille,
671 3744 713 3805 ut
733 3751 806 3825 pro
820 3728 1024 3805 diversitate
1045 3750 1143 3805 men·

78 3830 190 3925 tium,
218 3829 351 3928 idest,
376 3830 644 3909 rationabilium
667 3843 937 3927 creaturarum,
963 3850 1073 4005 quam
1095 3830 1144 3931 di·

945 3950 1013 4003 vet
1042 3943 1094 4005 ta·
