2498 4254
18 106 166 247 ’ω
297 116 830 253 μόκιοΕΝιε
1067 197 1073 205 -

92 344 175 405 tura
191 327 334 421 quidem
353 326 441 403 ferri
461 330 566 406 massa
588 332 662 424 est,
677 332 724 405 in
745 333 827 430 igne
845 328 1023 427 pomam,
1049 328 1087 405 dr
1105 331 1161 405 in·

94 431 297 515 desinenter
311 430 493 506 ardentem
509 430 608 526 posse
623 432 732 529 frigus
748 432 939 525 aliquando
960 428 1159 525 recipere?

97 531 271 629 Quinimo
286 526 405 626 (quod
427 534 549 605 verius
573 532 643 631 est)
665 532 775 629 magis
793 554 871 607 eam
884 528 1024 605 ficutin
1038 530 1158 605 forna-

96 631 198 705 cibus
216 628 305 724 saepe
323 628 402 703 fieri
419 633 532 707 oculis
554 633 873 727 deprehendimus,
900 643 1017 705 totam
1038 632 1161 727 ignem

96 729 260 805 effediam
276 729 445 825 dicimus,
482 736 650 826 quoniam
672 756 740 807 nec
760 732 853 806 aliud
871 733 909 804 in
927 752 971 805 ea
988 730 1051 803 nisi
1067 729 1157 827 ignis

97 831 276 905 cernitur:
309 828 368 904 sed
397 831 432 903 u
455 834 480 906 s1
506 833 566 925 qui
597 835 809 930 contingere
833 844 941 923 atque
967 828 1157 903 attresiare

95 931 324 1023 tentaverit,
357 952 433 1005 non
449 932 560 1025 ferri,
596 932 653 1006 sed
677 935 764 1029 ignis
784 932 859 1006 vim
880 930 1021 1003 sentiet.
1072 928 1156 1002 Hor

96 1052 185 1127 ergo
202 1030 315 1105 modo
334 1031 440 1105 etiam
457 1033 515 1107 illa
534 1034 648 1107 anima
665 1056 742 1126 quae
760 1030 853 1123 quau
866 1029 1045 1103 serrumin
1060 1030 1153 1124 igne,

96 1134 144 1207 fic
157 1130 294 1225 semper
308 1131 346 1203 in
365 1134 505 1225 verbe,
530 1131 667 1229 semper
685 1136 722 1207 in
744 1130 936 1225 sapientia,
964 1128 1100 1221 semper
1118 1126 1152 1201 in

96 1233 184 1306 Deo
200 1232 314 1323 poslta
326 1228 377 1303 est
389 1284 407 1324 „
430 1253 539 1307 omne
556 1234 654 1324 quod
669 1234 760 1329 agit,
787 1231 885 1324 quod
903 1226 1030 1319 sentit,
1060 1222 1151 1319 quod

96 1332 289 1425 intelligit,
322 1330 424 1403 Deus
450 1331 522 1404 est:
556 1332 698 1407 &ideo
728 1353 797 1404 nec
819 1328 1070 1404 convertibilis
1096 1336 1149 1399 aut

96 1431 274 1511 mutabilis
301 1428 371 1502 dici
401 1431 548 1523 potest,
588 1455 664 1525 quae
694 1428 1081 1504 inconvertibilitatem
1110 1444 1149 1499 ex

95 1531 202 1603 verbi
220 1529 294 1602 Dei
313 1530 453 1603 unitate
476 1530 714 1605 indesinenter
736 1532 848 1627 ignita
871 1525 1037 1625 possedit
1096 1520 1149 1597 Ad

98 1651 225 1706 omnes
243 1630 395 1721 denique
413 1629 549 1704 saucios
566 1634 664 1706 calor
684 1632 807 1723 aliquis
825 1629 930 1701 verbi
946 1626 1018 1699 Dei
1033 1637 1151 1720 putam

76 1730 163 1803 ‘dus
187 1728 237 1803 est
254 1728 471 1823 pervenisse:
496 1732 534 1803 in
550 1733 617 1805 hac
637 1746 755 1804 autem
779 1729 892 1803 anima
907 1726 980 1819 ipse
1002 1726 1092 1821 ignis
1107 1720 1149 1797 di·

9 1888 13 1893 .
96 1830 205 1903 vinus
230 1828 502 1904 substantialiter
526 1830 738 1923 requievisse
765 1828 962 1903 credendus
1000 1822 1080 1926 est,
1111 1840 1150 1897 ex

98 1952 172 2022 quo
191 1929 235 2004 ad
254 1942 405 2004 caeteros
422 1932 521 2005 calor
535 1932 657 2024 aliquis
673 1932 825 2005 venerit
874 1928 1043 2018 Denique
1059 1918 1150 2019 quod

98 2032 216 2124 dixit,
247 2032 328 2121 quia
350 2037 449 2101 unxit
472 2048 503 2101 te
526 2035 642 2117 Deus,
680 2038 770 2124 Deus
790 2048 865 2099 tuus
880 2030 941 2098 oleo
961 2030 1081 2097 latitia
1094 2045 1152 2121 pu

93 2130 306 2228 participibus
326 2138 410 2216 tuis,
437 2130 593 2203 ostendit
615 2131 713 2222 quod
736 2130 836 2203 aliter
855 2126 918 2200 ista
937 2127 1053 2199 anima
1073 2124 1152 2197 oleo

97 2228 250 2320 laetitiae,
278 2229 315 2301 id
330 2227 381 2301 est
397 2231 515 2301 verbo
538 2231 610 2303 Dei
627 2232 661 2301 dt
675 2230 843 2323 sapientia
856 2226 1022 2322 ungitur,
1051 2224 1085 2297 δι
1102 2222 1154 2295 ali·

98 2343 156 2401 ter
165 2328 358 2423 participes
374 2330 469 2420 ejus,
495 2330 532 2402 id
544 2330 594 2403 est
605 2328 710 2403 sandi
726 2331 916 2422 Prophetae
929 2325 962 2397 &
977 2316 1161 2419 Apostoli

98 2427 154 2502 Ilii
178 2426 273 2501 enim
296 2429 334 2499 in
357 2427 473 2501 odore
495 2447 761 2525 unguentorum
791 2430 866 2520 ejus
894 2422 1085 2517 cucurrisse
1111 2422 1156 2495 di·

100 2539 257 2600 cuntur:
293 2525 357 2599 ista
380 2541 499 2601 autem
525 2530 640 2602 anima
661 2528 840 2601 vasculum
862 2525 1037 2621 unguenti
1055 2522 1156 2619 ipsius

99 2626 191 2719 fuit,
219 2648 266 2699 ex
290 2628 390 2717 cujus
417 2627 609 2721 fragrantia
634 2629 887 2721 participantes
910 2625 1006 2720 digni
1030 2626 1158 2716 quique

99 2726 291 2820 Prophetae
310 2724 447 2799 fiebant
469 2728 504 2810 di
527 2726 708 2820 Apostoli.
759 2728 860 2800 Sicut
885 2746 972 2820 ergo
996 2722 1092 2795 aliud
1112 2718 1159 2797 est

99 2828 273 2923 unguenti
298 2825 515 2919 substantia,
541 2829 635 2900 aliud
664 2828 758 2900 odor
784 2829 882 2920 ejus:
916 2826 965 2896 ita
991 2821 1086 2895 aliud
1111 2816 1160 2899 est

101 2926 282 3018 Christus,
308 2926 452 2998 &aliud
466 2927 657 3022 participes
675 2929 735 3001 sui.
783 2925 834 2998 Et
854 2925 945 2999 ficut
963 2944 1027 2994 vas
1050 2918 1160 3015 ipsum

102 3026 201 3120 quod
224 3026 447 3100 substantiam
476 3027 641 3100 eontinet
666 3024 869 3121 unguenti,
905 3023 1005 3095 nullo
1029 3040 1160 3117 genere

101 3126 222 3219 potest
240 3127 370 3217 aliquid
382 3127 543 3217 recipere
558 3126 715 3200 foetoris:
741 3127 778 3199 hi
794 3145 887 3198 vero
906 3120 1030 3213 quiex
1046 3119 1161 3194 odore

99 3228 178 3317 ‘ejus
195 3226 434 3319 participant,
461 3224 536 3297 stse
553 3229 661 3319 paulo
681 3227 822 3321 longius
841 3220 1070 3317 asragrantia
1087 3220 1161 3312 ejus

100 3325 347 3417 removerint,
372 3325 531 3419 poshbile
549 3325 599 3398 est
615 3340 655 3397 ut
671 3326 891 3404 incidentem
910 3321 1087 3413 recipiant
1101 3318 1161 3397 fut·

103 3437 247 3497 torem:
278 3424 328 3497 ita
343 3423 499 3498 Christus
523 3426 625 3497 velut
644 3446 708 3497 vas
727 3424 839 3517 ipsum
859 3424 987 3511 inquo
1007 3431 1086 3491 erat
1100 3440 1161 3499 un·

103 3522 227 3620 guenti
248 3521 463 3618 substantia,
497 3524 706 3616 impossibile
724 3523 793 3596 suit
809 3538 850 3597 ut
868 3518 1090 3597 contrarium
1110 3538 1161 3589 re

104 3626 241 3716 ciperet
260 3622 422 3699 odorem.
473 3622 667 3717 Participes
684 3645 776 3695 vero
794 3624 868 3715 ejus
886 3642 990 3713 quam
1006 3616 1161 3714 proximi

103 3724 238 3797 suerint
259 3722 433 3816 vasculo,
469 3736 541 3799 tam
561 3718 685 3797 odoris
709 3735 816 3799 erunt
840 3718 1031 3818 participes
1055 3718 1090 3797 &
1110 3739 1161 3798 cu·

103 3844 229 4027 peres...
1000 3914 1116 4015 W·
