2498 4254
182 64 196 87 k
265 119 363 209 nn
413 100 1167 217 ιιιιιιιιιιυιι.,ῖ’σος,

142 307 177 379 5.
203 283 412 367 Abrahamo
434 288 523 361 dixit
543 289 630 361 olim
651 287 772 362 Deus:
810 290 963 382 Egredere
985 288 1019 356 de
1039 304 1128 359 terra
1177 332 1181 350 ι

66 404 147 473 tuna
174 389 280 461 nobis
294 386 389 459 forte
408 388 452 460 ab
464 408 510 459 eo
522 389 625 461 brevi
637 389 798 461 dicetur:
816 391 912 461 exite
926 387 971 460 de
985 389 1129 465 univer·-

68 486 103 561 sa
119 501 230 560 terra:
252 491 308 558 cui
326 485 475 558 obedire
494 489 633 559 bonurn
647 485 719 583 est,
746 500 787 557 ut
799 488 914 569 nobis
924 489 999 558 cito
1017 489 1126 559 caelos

10 626 14 641 ν
50 585 263 669 ostendat
254 585 435 674 inquibus
460 584 511 658 est
528 583 563 658 id
586 585 684 676 quod
705 586 839 658 dicitur·
854 605 1003 682 regnum
1021 588 1129 657 caeio-

10 716 14 745 =
64 705 155 759 rum
207 685 406 757 Multarum
428 686 601 765 virtutum
618 681 719 756 causa
738 684 850 757 vitam
873 685 1126 758 certaminibus

10 820 17 845 ι
62 786 208 878 plenam
224 781 314 876 esse,
340 803 434 875 opus
453 781 504 859 est
522 805 586 855 eos
599 784 657 875 qui
670 796 812 857 certant
829 783 964 857 videre.
1006 782 1127 855 Enim

10 876 13 931 ῑ
64 902 159 956 vero
177 903 245 975 pro
263 889 500 975 temperantia
522 883 742 967 videbuntur
761 882 864 955 multi
883 883 990 955 etiam
1014 903 1033 953 a
1053 879 1126 953 Dei
1147 962 1153 972 ,

10 1004 16 1015 ·
64 984 226 1075 partibus
248 983 354 1054 alieni
381 979 595 1071 decertaffe‚
620 968 861 1072 nonnullique
878 993 1033 1054 mortem
1056 980 1128 1052 for-

10 1108 15 1143 =
64 1083 153 1152 titer
172 1083 275 1154 obire
294 1078 450 1153 maluiffe
468 1101 572 1170 quam
595 1101 823 1153 communem
844 1078 1044 1154 Dominum
1069 1079 1128 1151 de-

10 1208 12 1216 ·
65 1180 207 1261 sererea
234 1183 320 1252 item
336 1179 535 1270 prudentia
554 1201 700 1273 operam
720 1178 852 1252 deditio
872 1201 932 1270 qur
923 1180 1055 1251 rebus
1073 1199 1127 1250 ra·

64 1282 169 1350 tione
188 1279 378 1351 tratiandis
393 1281 707 1371 examinandisque
728 1278 990 1372 prestiterunt3
1016 1298 1057 1348 at
1073 1278 1128 1369 ju·

64 1375 166 1450 stitia
178 1378 212 1451 se
228 1375 418 1470 tradidiffe,
445 1381 504 1467 qui
517 1377 608 1469 juste
624 1383 752 1451 vivere
768 1379 827 1452 sibi
844 1377 1127 1472 proposuerunt:

63 1478 115 1549 ita
135 1474 301 1550 adversus
320 1476 468 1571 singulas
493 1478 647 1549 virtutes
669 1478 798 1551 militat
820 1494 881 1550 aut
900 1478 1015 1555 carnis
1046 1495 1127 1569 pru-

65 1576 210 1668 dentia,
237 1591 299 1648 aut
313 1578 482 1669 pleraque
499 1590 690 1649 extranea·
717 1588 754 1647 at
770 1596 838 1672 pro
853 1580 990 1672 pietate
1009 1574 1126 1653 solum

62 1688 200 1771 pugnat
219 1700 315 1769 genitr
338 1673 491 1762 eleatem,
520 1679 617 1768 regaie
637 1678 864 1763 sacerdotium,
888 1702 964 1769 gens
983 1676 1125 1765 statilia,

57 1795 120 1872 pop
97 1776 193 1870 palus
211 1779 441 1944 acquisitionis,
468 1775 608 1846 caeteris
627 1773 834 1848 hominibus
852 1798 900 1850 ne
919 1775 1036 1870 specie
1050 1777 1125 1868 qui·

63 1875 148 1946 dem
172 1879 213 1946 oi
211 1871 446 1952 tendentibus
466 1870 534 1988 ἴε,
561 1872 623 1944 etsi
649 1873 730 1946 sunt
751 1896 829 1966 quae
853 1877 920 1969 piis
938 1873 1128 1948 adversen-

65 1986 157 2063 tur,
188 1993 256 2066 pro
280 1979 416 2065 pietate
440 1974 532 2046 mori
554 1972 778 2086 propositum
801 1973 965 2064 habere,
997 1974 1126 2066 pietati
1159 2000 1162 2006 ·

67 2070 295 2164 conponam
322 2085 477 2145 mortem
502 2073 584 2142 vita
615 2072 790 2166 impietati
816 2070 1016 2165 conjuntiae
1036 2092 1126 2166 pra·

64 2184 262 2267 ponentes.
324 2172 447 2266 Quare
464 2173 499 2243 hi
517 2168 739 2261 suntquibus
761 2172 864 2244 Deus
883 2176 968 2242 corde
987 2178 1126 2244 creditur
1211 2196 1213 2203 ·

64 2280 105 2342 ou
117 2273 247 2368 justitio
231 2296 297 2358 nm,
324 2295 376 2340 ore
390 2267 646 2361 autemconffflo
657 2273 704 2362 fir
718 2273 924 2360 adsalutem,
950 2292 1033 2345 cum
1045 2293 1125 2365 per-

62 2372 201 2464 cipiant
219 2390 338 2462 neque
353 2369 387 2442 se
401 2364 583 2462 justificari
601 2367 702 2462 poffe
722 2371 784 2443 nifi
805 2371 850 2443 stc
870 2372 955 2444 Deo
975 2373 1126 2445 credant

61 2469 127 2542 ἃ
117 2484 166 2543 ιιι
187 2471 300 2543 corde
326 2466 442 2542 affetu
465 2468 554 2540 sint
574 2489 705 2560 neque
726 2470 842 2544 salvos
865 2471 1036 2557 futuros,
1059 2469 1124 2545 nist

63 2573 177 2686 qualis
196 2566 363 2658 affectus,
389 2571 470 2640 talis
489 2568 522 2639 δι
541 2566 657 2641 sermo
676 2567 727 2642 [it
778 2568 825 2643 Se
842 2572 987 2663 enimip
991 2569 1047 2642 sos
1064 2570 1125 2643 de-

62 2671 205 2760 cipiunt
220 2690 279 2756 qur
270 2667 338 2739 ad
350 2667 666 2756 consequendum
657 2688 695 2738 tn
713 2666 863 2742 Christo
869 2664 980 2742 finem
991 2666 1125 2741 suffice·

63 2789 105 2840 re
123 2779 253 2860 putant
269 2767 376 2838 illud:
403 2769 497 2836 corae
510 2771 650 2835 ereditur
667 2769 708 2834 od
724 2769 904 2864 justitiam,
929 2787 1006 2840 non
1032 2768 1125 2859 adje-

65 2864 126 2941 ἃο
146 2869 287 2938 altero:
316 2891 367 2933 ore
387 2881 492 2937 aurem
509 2861 650 2955 confffio
662 2866 711 2953 fit
732 2867 926 2946 adsiduum.
978 2866 1036 2936 Ac
1054 2864 1126 2938 dici

62 2963 186 3060 potest
204 2965 311 3063 magis
331 2961 430 3056 poiie
451 2965 550 3036 labiis
573 2964 745 3037 honorari
768 2964 889 3040 Deum
912 2966 956 3038 ab
980 2965 1045 3036 illo
1063 2965 1125 3054 qui

64 3067 176 3158 longe
202 3084 267 3135 cor
289 3063 333 3136 ab
357 3085 403 3135 eo
431 3065 621 3148 habuerit,
659 3078 763 3152 quam
791 3066 904 3139 corde
932 3064 1125 3166 honoarri,

64 3183 149 3237 cum
165 3183 232 3235 ore
251 3160 425 3235 confessio
449 3176 525 3239 non
545 3159 587 3233 fit
608 3161 650 3233 ad
671 3160 829 3238 salutem
1057 3182 1060 3191 ¹

136 3264 172 3337 6.
199 3265 322 3352 Atque
357 3261 505 3335 dixerim
542 3263 696 3352 eosqui
727 3283 794 3354 pro
831 3263 1025 3351 tribunali,
1065 3273 1127 3335 aut

65 3362 175 3436 etiam
204 3375 394 3450 antequam
423 3361 601 3433 ducantur
626 3361 668 3433 ad
694 3363 878 3452 tribunal,
912 3358 1129 3435 Christianis·

65 3483 163 3536 mum
193 3461 352 3553 eJurant,
389 3479 466 3534 non
497 3464 620 3531 coiere
650 3459 793 3550 quidem
819 3460 938 3551 idola,
976 3459 1127 3535 adorare

63 3574 213 3653 tamen,
240 3557 451 3633 assumentes
470 3580 605 3637 nomen
623 3558 775 3631 Domini
795 3558 898 3632 Dei
888 3581 925 3633 m
948 3558 1128 3653 vanam&

19 3730 23 3735 .
62 3660 295 3733 inanimatam
310 3661 501 3732 materiam
557 3659 615 3729 Sic
637 3659 938 3751 adoravitidola,
965 3679 1043 3730 non
1064 3677 1129 3731 co·

10 3758 134 3835 uuit
158 3761 317 3856 populus
348 3779 430 3834 cum
456 3755 597 3833 filiabus
622 3757 738 3833 Moab
767 3760 1054 3847 contaminatus,
1080 3754 1126 3833 dt
1237 3865 1242 3887 1
