2498 4254
237 76 317 225 nn
364 141 700 243 nemereus,
730 142 853 235 tur.
876 144 954 267 rv,¹
1049 100 1123 267 μζ

62 310 257 389 haberetur
280 308 457 393 incertum
477 309 504 383 fi
527 328 747 401 eorumque
767 308 931 403 pr'oedit'm
952 308 1123 407 hretnnt,

62 409 287 499 exitueellet
303 408 521 502 implendus„
562 406 632 481 Sed
652 406 729 485 &ll
748 410 809 502 qui
829 430 909 483 cum
931 410 1031 483 omni
1052 409 1123 485 stu·-

62 512 126 585 dio
141 510 176 583 ἃ
189 508 624 603 reverentiaquadignum
639 507 690 581 est
704 510 917 605 prophetica
930 509 1020 583 dicta
1033 532 1123 585 con·
1229 522 1233 531 '

60 611 216 701 fideret,
242 609 280 682 in
297 631 343 683 eo
356 606 432 701 ipso
451 609 533 681 dum
548 610 657 703 legit,
682 607 931 703 &diligentius
945 610 1121 705 intuetur,

62 726 203 783 certum
224 708 275 781 est
298 707 397 799 quod
416 708 535 797 aliquo
563 706 744 783 diviniore
766 706 950 801 spiramine
962 723 1122 789 mentem

62 806 269 899 sensumque
287 804 440 901 pulsatus
457 803 625 902 agnoscet
639 827 716 880 non
730 808 931 898 humanitus
953 806 1022 881 elle
1035 828 1121 902 pro·

64 910 161 993 latos
179 929 244 979 eos
263 928 353 998 quos
369 906 478 1000 legit,
503 903 562 979 sed
574 905 647 979 Dei
660 904 730 979 eise
742 904 939 981 sermones:
953 904 999 981 ’ἃ
1012 929 1056 981 ex
1072 907 1124 981 se-
1227 906 1231 915 ’

60 1004 214 1098 metipso
233 1002 362 1079 sentiet
382 1027 460 1078 non
479 1006 633 1079 humana
649 1023 750 1099 arte,
787 1028 857 1079 nec
869 1008 1020 1097 ‚mortali
1043 1009 1120 1080 elo·
1198 1014 1204 1035 '

62 1107 179 1200 quio,
205 1104 264 1177 sed
285 1104 435 1197 divino,
460 1120 502 1177 ut
522 1106 573 1177 ita
595 1104 769 1199 dixerim,
797 1108 980 1193 cothurno
1005 1106 1120 1196 libror

61 1204 133 1279 eise
154 1204 388 1297 conscriptos.
438 1202 574 1300 Legem
593 1224 681 1299 ergo
704 1204 843 1299 Moysis
869 1202 1036 1299 splendor
1061 1205 1122 1297 ad·¹

60 1316 195 1379 ventus
219 1303 347 1377 Christi
363 1324 427 1397 per
447 1302 625 1400 fulgorem
651 1306 815 1391 ueritatis
832 1306 1057 1397 illuminant,
1081 1304 1122 1393 id

58 1403 175 1499 quod.
188 1401 442 1497 superpofitum
462 1418 539 1476 erat
553 1405 665 1493 litere
684 1405 759 1495 ejus
781 1406 966 1497 velamen,
993 1403 1121 1479 abstra-

60 1504 133 1593 xit,
160 1500 193 1575 &
208 1506 329 1581 omnin
343 1525 420 1595 quae
434 1516 653 1595 coopertura
667 1504 772 1578 verbi
784 1504 881 1577 bona
896 1504 1120 1601 tegebantur,

58 1601 234 1677 univerfis
252 1600 336 1673 inse
356 1604 583 1683 medentibus
603 1598 785 1677 reseravit
1140 1622 1143 1627 ’

137 1722 173 1795 7.
199 1703 337 1774 Verum
353 1696 433 1775 satis
449 1701 600 1797 operosa
618 1722 676 1779 tes
695 1701 745 1775 est
765 1720 972 1789 enumerare
987 1701 1122 1798 fingulr

61 1820 142 1893 quae
159 1802 380 1893 aprophetis
395 1802 482 1875 olim
495 1799 661 1893 praediiia
673 1800 771 1893 sunt,
795 1802 945 1892 qualiter
963 1803 997 1875 ἃ
1013 1822 1121 1893 quan-

61 1900 114 1975 do
137 1902 315 1994 completa
330 1896 424 1993 snit,
449 1915 491 1987 ut
509 1920 554 1975 ex
573 1901 627 1973 hir
648 1900 832 1973 videamur
852 1922 917 1973 eos
939 1901 999 1991 qui
1019 1901 1121 1984 dubis,

60 2012 169 2091 tant,
197 1984 436 2072 confirmare:
461 2021 568 2091 quum
593 2000 753 2092 possibile
776 2000 820 2073 fit
839 2000 1031 2090 unicuique
1051 2020 1121 2073 vo·

58 2098 153 2173 lenti
170 2098 214 2172 de
232 2099 284 2170 his
302 2098 501 2194 diligentius
523 2097 686 2191 noscere,
713 2120 758 2171 ex
776 2098 855 2191 ipsis
874 2100 971 2171 libris
988 2099 1120 2171 verita·

59 2198 110 2271 tis
126 2199 361 2290 probamenta
378 2198 855 2294 abundantirreeongregnre.
905 2197 941 2270 Si
958 2219 1050 2270 vero
1064 2198 1120 2271 hie

60 2297 125 2389 qui
142 2299 258 2371 minus
277 2297 314 2369 in
335 2297 464 2371 divinis
486 2296 613 2371 eruditi
631 2297 710 2371 sunt
724 2296 932 2393 disciplinis,
958 2319 1033 2371 non
1054 2295 1122 2371 sta·
1146 2360 1149 2365 .

60 2399 129 2469 tim
147 2399 186 2469 in
202 2398 315 2489 prima
327 2396 450 2469 fronte
466 2399 578 2471 literae
599 2394 713 2471 sensus
734 2400 794 2489 qui
816 2394 919 2493 supga
937 2396 1122 2485 hominem

63 2494 118 2567 est
133 2496 278 2570 videtur
299 2515 514 2590 occurrere,
541 2498 629 2577 nihil
649 2498 777 2571 mirum
796 2494 961 2589 estquod
980 2518 1055 2589 quae
1071 2495 1121 2571 di-

59 2598 150 2669 vina
166 2592 247 2669 sunt
260 2594 304 2668 ad
314 2596 478 2671 homines
494 2600 604 2691 paulo
620 2597 753 2679 lentius
766 2596 996 2689 deseruntur,
1023 2596 1120 2690 &eo

955 2716 1066 2793 magro
1110 2722 1119 2795 '.

283 2853 711 2931 Iurnnrnnnnmo
746 2870 895 2932 noun.

56 2992 107 3083 sis
122 2996 192 3093 legi
209 2995 383 3069 inherens
399 2995 500 3089 quod
517 2995 694 3080 velamine
715 2996 980 3093 obtegebatur,
1010 2994 1123 3083 edve-

57 3096 186 3173 niente
201 3090 283 3189 Jesu
302 3094 442 3169 Christo
456 3095 614 3189 refulht,
639 3096 760 3169 ablato
777 3096 977 3187 velamine,
1001 3092 1040 3177 u,
1053 3094 1122 3189 bo,
1205 3138 1213 3147 -

57 3199 284 3289 nisquorum
301 3198 460 3271 umbram
473 3196 598 3269 habuit
612 3194 737 3290 litera,
761 3197 798 3271 in
810 3194 978 3268 notitiem
997 3189 1121 3283 senfim

56 3296 334 3394 prodeuntibus.
575 3324 580 3347 =
623 3364 626 3369 ,
876 3342 879 3347 -
1102 3338 1123 3387 2,
1172 3370 1188 3391 ,

135 3418 172 3488 χ.
199 3394 404 3487 Operosum
418 3406 515 3465 nunc
531 3386 640 3475 fuerit
654 3390 899 3486 antiquiifimas
914 3390 959 3465 de
976 3390 1124 3489 fingulio

61 3516 142 3587 que
163 3494 286 3567 sutura
312 3507 414 3565 erant
428 3488 673 3586 predistiones
693 3492 898 3585 recensere,
924 3492 1040 3583 utqui
1056 3490 1121 3585 dug

60 3595 176 3687 bitat,
209 3596 251 3667 iis
275 3608 441 3684 tanquam
461 3593 591 3665 divinis
616 3588 819 3686 perculsus,
858 3588 962 3683 omni·
982 3590 1121 3685 dubita,

60 3693 166 3784 tione
184 3691 221 3765 δι
232 3694 393 3785 ancipitis
412 3692 520 3787 animi
533 3693 752 3771 hesitatione
765 3692 945 3787 deposita,
970 3684 1121 3785 Dei-ser,

59 3792 230 3875 monibus
244 3807 326 3883 tote,
336 3788 513 3907 semente
530 3792 648 3883 dedet.
700 3786 1126 3959 Quodsnjndoiiig·n0ll

949 3908 999 3961 ux
1019 3905 1081 3957 en·
