2498 4254
168 178 248 259 DE
296 178 634 277 rulrtctrlls,
680 178 850 263 HM.
993 192 1041 283 87

69 339 222 418 ›nditori¹
235 341 279 419 ¹ad
297 365 536 439 quascumque
555 344 690 419 formas
710 349 803 421 velit
825 346 860 422 dr
880 342 1038 447 species,

69 446 208 517 :leretur
231 447 268 520 in
293 446 457 519 omnibus
483 444 712 540 deserviret,
736 445 914 541 recipiens
940 448 977 519 in
1001 444 1047 521 se.

70 556 164 617 tates
184 565 269 636 quas
287 545 361 639 ipse
384 544 553 621 voluisset
571 545 782 638 imponere:
806 544 929 620 neseio
947 567 1037 638 quo·

69 664 88 717 o
116 646 206 717 tanti
228 666 271 719 ac
290 646 380 719 tales
400 646 469 718 viri
495 645 714 742 ingenitam,
752 648 789 721 id
815 644 967 721 estnon
991 647 1037 719 ab

86 742 173 817 Deo
205 743 330 819 fatiam
370 746 562 819 conditore
596 749 756 820 omnium
788 758 1036 841 putaverunt,

69 840 251 918 fortuitam
281 846 465 938 quamdam
499 847 574 939 ejus
603 862 766 921 naturam
792 846 1038 938 virtutemque

69 957 152 1017 unt.
204 942 255 1017 Et
272 947 386 1019 miror
409 947 595 1037 quomodo
617 946 671 1019 isti
691 950 837 1040 culpent
859 967 948 1039 eos,
975 944 1038 1038 qui

69 1040 225 1136 ›pificem
242 1042 383 1138 Deum,
409 1048 469 1119 vel
486 1046 753 1139 providentiam
769 1047 872 1138 hujus
889 1046 1037 1119 univer·

69 1164 77 1213 r
103 1158 260 1240 negant,
293 1146 327 1218 dt
353 1146 460 1239 impie
486 1168 550 1219 eor
575 1145 706 1221 sentire
731 1158 908 1243 arguunt,
934 1142 1036 1237 quod

68 1264 109 1315 :m
129 1245 252 1317 mundi
275 1267 367 1339 opus
390 1247 607 1320 arbitrentur
627 1248 701 1319 srne
723 1246 856 1339 opifice
872 1245 935 1319 vel
950 1264 1038 1339 prou

71 1364 91 1415 e
110 1342 292 1417 constare:
317 1368 400 1421 cum
414 1346 474 1440 ipsr
492 1368 638 1441 quoque
652 1346 797 1422 similem
815 1348 955 1439 culpam
971 1345 1036 1421 im·

68 1441 112 1514 tis
130 1443 333 1540 incurrant,
360 1448 559 1542 ingenitam·
571 1450 732 1523 dicentes
753 1444 822 1520 else
835 1445 1034 1538 materiam,

68 1562 129 1633 lue
147 1543 310 1639 ingenito
331 1560 558 1623 coaeternam.
608 1547 812 1621 Secundum
832 1546 926 1619 hanc
943 1564 1032 1639 ergo

68 1662 147 1715 nem
176 1644 201 1716 sr
232 1645 408 1738 ponamus
435 1643 560 1744 (verbi
582 1646 716 1744 gratia)
740 1648 923 1721 materiam
955 1664 1034 1718 non

69 1794 83 1833 ‚
108 1758 152 1813 ut
171 1742 225 1817 isti
243 1744 396 1820 asserrmt
412 1746 573 1820 dicentes
588 1748 670 1840 quir
690 1748 792 1819 Deus
810 1767 888 1826 non
904 1757 1033 1837 potue·

68 1840 166 1933 iquid
182 1842 305 1919 facnre
326 1868 407 1921 cum
427 1847 515 1920 nihil
532 1844 645 1939 esset,
670 1845 743 1919 fine
759 1845 870 1919 dubio
888 1844 1032 1917 futurus

70 1941 235 2036 otiosus,
268 1949 449 2020 materiam
481 1968 562 2033 non
589 1946 725 2020 habens
751 1967 797 2019 ex
820 1964 890 2037 qua
913 1940 1032 2037 posset

68 2044 133 2135 iri,
161 2064 264 2134 quarn
291 2045 324 2118 ei
345 2068 422 2120 non
448 2045 507 2119 sua
531 2045 762 2143 provisione,
787 2042 846 2117 sed
872 2040 1030 2117 fortuito

68 2154 122 2213 rnt
157 2141 313 2217 affuilse:
355 2146 572 2237 videturque
603 2146 654 2219 eis
690 2144 789 2236 quod
819 2144 895 2219 hoc
932 2141 1031 2236 quod

68 2241 121 2315 ito
142 2242 331 2319 inventum
350 2246 422 2339 est,
449 2244 608 2321 sufficere
627 2246 661 2319 ei
684 2246 848 2339 potuerit
868 2242 915 2317 ad
938 2243 1030 2316 tanti

68 2362 86 2413 s
103 2344 258 2437 molen,
295 2344 329 2417 dt
347 2346 391 2419 ad
414 2345 481 2418 suae
499 2348 650 2421 virtutis
669 2346 892 2438 potentiam,
930 2342 1031 2435 quod

68 2462 76 2512 r
99 2437 276 2534 sapientiae
300 2444 367 2517 suae
391 2445 579 2540 suscipiens
600 2446 780 2519 rationem
801 2444 1030 2539 distinguere·

68 2560 86 2611 r
113 2540 331 2617 formaretur
346 2544 393 2617 'ad
419 2546 602 2621 mundum.
655 2545 768 2643 Quod
791 2546 876 2619 mihi
902 2546 1029 2637 perab-

68 2662 103 2713 m
119 2641 284 2736 videtur,
312 2644 347 2716 dt
363 2666 489 2719 eorum
513 2644 583 2719 esse
602 2643 812 2737 hominum,
839 2644 899 2735 qui
914 2645 1028 2715 virtu·

67 2754 166 2830 itque
190 2740 463 2841 intelligenriam
477 2744 646 2842 ingenitae
666 2756 800 2815 naturae
815 2743 959 2837 penitus
975 2744 1026 2838 ig-

67 2852 104 2915 rt.
155 2840 226 2914 Sed
249 2856 292 2915 ut
312 2848 492 2919 rationem
509 2864 631 2919 rerum
647 2842 814 2939 poffimus
838 2842 1025 2918 dilucidius

67 2940 108 3031 ri,
136 2942 357 3015 concedatur
371 2943 636 3039 paulispernon
649 2941 752 3017 firilse
764 2942 964 3015 materiam:
992 2938 1027 3012 dc

67 3060 102 3130 ι,
140 3062 221 3114 cum
246 3044 333 3116 nihil
359 3041 445 3117 esset
468 3046 593 3137 prius,
630 3040 751 3118 fecisse
779 3054 822 3113 ut
848 3038 1026 3113 clienter

67 3137 126 3211 elie
137 3142 279 3217 voluit:
304 3143 388 3234 quid
405 3144 609 3237 putabimus
627 3144 709 3235 quia
724 3142 936 3232 meliorem,
962 3154 1025 3213 aut

67 3260 152 3332 em,
180 3255 242 3314 aut
257 3243 401 3315 alterius
416 3245 555 3339 generis
569 3244 754 3316 materiam
764 3238 921 3313 faiiurus
937 3238 1024 3313 esset

69 3392 82 3425 ,
110 3360 216 3431 quam
236 3362 282 3413 ex
302 3339 362 3415 sua
381 3344 520 3415 virtute
540 3340 762 3435 &sapientia
783 3339 1021 3433 proferebat,

67 3442 99 3511 'et
115 3460 193 3530 quae
211 3454 296 3513 ante
310 3462 386 3513 non
400 3439 545 3515 fuerat?
572 3441 631 3513 An
649 3440 858 3527 inferiorem
874 3439 909 3511 dt
924 3440 1023 3513 dete·

67 3538 117 3610 n?
145 3536 207 3611 An
229 3538 373 3614 ssmilem
394 3554 501 3632 atque
524 3542 685 3615 eamdem
705 3552 747 3611 ut
764 3538 815 3612 est
832 3540 892 3615 illa
915 3559 1022 3629 quam

67 3639 218 3735 genitam
232 3638 388 3711 dicunt?
413 3638 463 3711 Et
477 3654 569 3733 puto
586 3642 700 3713 cuivis
716 3639 883 3711 facillime
901 3649 1022 3729 pareat

67 3736 182 3831 eiius,
209 3738 309 3829 quod
328 3759 445 3831 neque
463 3742 618 3832 melior,
645 3760 762 3830 neque
783 3737 935 3811 inferior
953 3756 1020 3827 po·

67 3850 77 3914 l
98 3836 224 3913 mundi
243 3834 378 3913 fornas
398 3832 607 4010 spelciesque
629 3837 804 3933 suscipere
813 3890 843 4007 ,f
852 3834 914 4003 ni?
938 3834 1018 3907 talis

500 3962 525 4026 4
840 3954 875 4005 ιιι
905 3944 968 4029 et,
