2498 4254
79 135 127 241 qt
289 136 295 149 ·
397 115 810 209 outouurs

79 298 119 373 dt
134 278 317 395 designare
334 290 473 368 difficile
482 290 564 366 esta
591 292 641 364 ait
656 312 830 385 namque:
858 290 924 387 Ego
942 284 1012 363 non
1025 284 1091 389 fieta

81 400 139 469 luc
153 398 282 467 mundo.
315 392 503 486 Tanquam
519 392 613 464 enim
627 412 673 464 ex
688 394 759 464 alio
772 391 928 485 quodam
941 390 1032 466 esset
1043 414 1091 467 mt

82 496 160 591 d0,
194 496 246 569 ita
272 492 382 587 dicit,
417 492 516 584 quod
540 516 605 562 nort
622 494 695 581 sum
720 496 756 563 de
779 498 834 563 hoc
857 498 980 565 mundo.
1031 490 1091 585 Cu}

79 596 207 671 mundi
226 592 401 670 difficilem
417 592 522 665 nobis
543 588 612 664 else
628 592 889 684 expolitionem
901 592 1040 665 idcirco
1056 612 1091 685 pt

82 696 264 790 diximus,
290 716 338 768 ne
354 692 452 767 forte
475 692 672 787 praebeamt
693 692 866 783 aliquibus
886 692 1029 771 occasro
1048 692 1091 765 illl

81 796 351 893 intelligentia,
377 812 447 884 qua
464 804 594 884 putent
612 812 681 863 nos
692 792 859 887 imagines
876 792 1044 884 quasdam
1056 812 1091 884 qt

83 892 206 969 Gracci
221 892 322 977 idme
335 892 542 982 nominant,
568 889 758 962 affirmare:
785 892 884 982 quod
898 894 1024 983 utique
1042 912 1091 965 at

80 992 163 1071 stris
185 994 339 1068 alienum
356 988 433 1085 est,
458 989 628 1063 mundum
646 993 901 1082 incorporeum
923 991 1072 1084 dicere,

82 1092 161 1167 sola
179 1092 309 1167 mentis
330 1092 511 1185 phantasia
526 1091 589 1161 vel
608 1093 871 1186 cogitationum
890 1091 1032 1163 lubrico
1053 1108 1091 1162 co

82 1191 281 1267 stltentem:
313 1188 557 1281 &quomodo
583 1188 808 1263 Salvatorem
837 1190 922 1263 inde
954 1188 1049 1283 esse,
1079 1208 1091 1259 t

82 1289 222 1364 sandius
239 1311 384 1383 quoque
401 1290 487 1361 illuc
509 1288 625 1361 ituros
644 1302 819 1381 poterunt
839 1287 1040 1382 affirmare,
1063 1308 1091 1360 ru

82 1389 225 1465 videon
270 1390 529 1462 Verumtamen
552 1389 753 1482 praeclarius
777 1389 909 1480 aliquid
935 1388 1091 1481 &splen

82 1488 162 1562 dius
179 1510 285 1580 quam
297 1487 362 1561 iste
372 1489 432 1580 qui
443 1486 593 1581 praesens
611 1487 662 1561 est
673 1487 848 1582 mundus,
872 1487 1020 1561 indicari
1039 1484 1091 1559 aS

78 1602 217 1661 ·vatore
241 1608 319 1661 non
344 1588 490 1662 dubium
517 1588 588 1680 est,
614 1608 687 1680 quo
714 1588 821 1660 etiam
847 1588 1034 1661 credentes
1054 1589 1088 1659 in

81 1689 234 1762 tendere
248 1688 666 1784 provocat&hortatur.
691 1687 762 1759 Sed
777 1703 898 1761 utrum
910 1686 1091 1760 mundusl

83 1808 192 1880 quem
206 1788 327 1863 sentiri
346 1789 450 1883 uult,
476 1786 653 1880 separatus
672 1787 715 1859 ab
741 1787 814 1858 hoc
832 1788 875 1859 fit
891 1772 1091 1883 longeqnei

82 1885 202 1982 ¹uisus,
229 1890 291 1961 vel
306 1888 417 1982 loco,
443 1890 505 1963 vel
520 1889 710 1979 qualitate,
736 1888 796 1958 vel
813 1885 944 1982 gloria:
969 1906 1015 1959 an
1029 1887 1091 1981 glot

84 1988 274 2080 quidem&
288 1989 457 2080 qualitate
470 1988 670 2081 praecellat,
687 1987 781 2058 intra
795 1999 915 2059 tamen
928 1986 1032 2078 hujus
1042 2004 1091 2059 mt

84 2089 122 2159 di
140 2088 505 2181 circumscriptionem
521 2088 755 2177 cohibeatur,
776 2085 875 2175 quod
891 2085 1020 2179 &mihi
1034 2104 1091 2177 tuq

84 2187 275 2258 verisimile
298 2186 464 2276 videtur,
489 2186 666 2255 incertum
690 2198 810 2256 tamen
836 2184 906 2277 est,
932 2180 987 2279 Bt,
1012 2197 1090 2255 ute

85 2284 263 2374 arbitror,
294 2284 456 2355 humanis
482 2283 597 2355 adhuc
623 2283 926 2376 cogitationibus,
954 2284 989 2356 &
1018 2302 1091 2355 men

82 2382 152 2455 bus
169 2376 382 2454 inusitatum.
434 2380 491 2453 Ex
503 2382 558 2454 his
573 2394 694 2455 tamen
711 2403 788 2474 quae
800 2383 965 2457 Clemens
981 2380 1075 2455 visus

84 2480 244 2554 indicare
263 2501 344 2551 cum
361 2480 465 2553 dicit:
501 2488 641 2552 Oceanus
658 2485 933 2554 intransmeabilis
952 2484 992 2580 efl
1005 2484 1091 2553 stoma

85 2580 162 2665 bus,
192 2578 233 2655 (5
250 2580 287 2647 bi
311 2587 421 2649 mundi
437 2586 493 2677 qui
510 2582 574 2679 post
592 2587 622 2675 ip
640 2608 690 2649 um
706 2589 815 2670 sunt:
847 2585 908 2674 qui
928 2580 1012 2675 post
1034 2578 1091 2675 ipfi

86 2677 169 2753 sunt
180 2677 334 2750 mundos
347 2681 530 2771 pluraliter
546 2682 734 2754 nominans
750 2738 762 2775 ,
789 2704 880 2775 quos
895 2680 1091 2755 &eademI

85 2776 209 2871 summi
224 2778 456 2871 prouidentia
470 2783 522 2877 agi
536 2783 681 2875 regique
694 2781 884 2878 significat,
910 2780 1042 2855 semina
1056 2800 1091 2873 qt

86 2877 168 2951 dam
184 2879 291 2949 nobis
306 2879 508 2970 hujusmodi
523 2881 766 2976 intelligentiae
781 2880 927 2953 videtur
941 2879 1091 2976 asperget

87 2998 162 3069 quo
192 2991 340 3069 putetur
365 2980 480 3051 omnis
507 2980 649 3070 quidem
679 2982 890 3053 universitas
916 3000 1044 3054 eorum
1069 3000 1091 3071 q

85 3075 167 3149 sunt
186 3089 294 3168 atque
317 3074 502 3150 subsistunt
531 3079 742 3172 caelestium,
770 3080 804 3151 &
828 3080 1091 3173 supercoelestiu

84 3188 335 3269 terrenorum,
363 3178 679 3270 infernorumque,
705 3200 797 3250 unus
814 3179 1091 3273 &persedusnu

86 3273 154 3347 dus
170 3278 383 3371 generaliter
403 3277 493 3350 dici:
518 3281 612 3349 intra
626 3300 732 3370 quem
747 3280 807 3352 vel
829 3303 849 3352 a
867 3302 940 3374 quo
958 3279 1078 3353 caeteri

87 3375 149 3465 qui
173 3375 224 3446 illi
247 3374 348 3472 sunt)
368 3376 517 3468 putandi
538 3376 617 3450 sunt
641 3379 830 3452 contineri.
895 3378 1004 3452 Unde
1026 3378 1091 3452 vol

86 3472 229 3563 quidem
245 3477 392 3569 globum
405 3478 499 3547 lunae
512 3480 575 3549 uel
589 3478 694 3570 solis,
721 3492 1029 3571 caeterorumque,
1054 3498 1091 3571 qt

83 3573 248 3666 planetas
268 3590 426 3667 vocant,
452 3597 517 3669 per
530 3576 662 3675 fingula
677 3578 829 3649 mundos
850 3580 1041 3653 nominari.
1075 3576 1091 3649 S

87 3670 123 3743 dc
147 3670 257 3765 ipsum
282 3672 604 3766 supereminentem
629 3696 735 3766 quem
759 3677 885 3749 dicunt
907 3677 1048 3753 ὀπλαπι
1071 3698 1091 3773 g

84 3769 198 3867 bum,
222 3775 370 3869 proprie
385 3774 615 3851 nimiominua
630 3776 802 3852 mundum
816 3778 985 3873 appellari
983 3776 1091 3949 131qu

490 3908 493 3913 .
1023 3898 1091 3951 em,
