2498 4254
85 164 165 262 13⁶.
343 150 346 157 ·
413 148 824 242 oaror'urs

159 349 193 404 α.
219 324 290 400 Sed
303 325 348 401 de
364 287 490 401 Christi
503 327 645 419 quidem
662 330 777 404 anima
789 308 935 405 omnem
952 330 1061 407 nobis

82 442 161 507 met
171 427 401 521 questionem
413 428 508 500 ratio
521 428 776 502 incarnationis
787 450 993 507 occurrens.
1043 432 1061 502 S

81 532 179 605 enim
193 548 283 600 uere
299 546 440 601 carnem
457 528 605 620 habuit,
632 532 681 602 ita
699 550 786 602 vere
801 530 836 602 dc
848 532 998 605 animam
1009 531 1061 604 hal

79 626 144 703 De
159 649 205 700 eo
221 648 314 701 vero
333 628 432 718 quod
448 626 521 699 Dei
538 630 654 701 anima
670 630 706 701 in
723 628 903 723 scripturis
916 631 1061 704 nomina

83 728 237 821 qualiter
253 726 406 821 intelligi
422 726 570 821 debeat,
597 726 770 802 &sentire
783 728 994 825 &proferre
1007 726 1061 801 difl

82 826 161 902 est:
186 829 292 900 semel
311 827 405 899 enim
423 826 613 922 simplicem
635 827 729 900 illam
747 843 933 922 naturam,
961 832 996 902 dt
1014 830 1061 901 ab:

81 927 189 1000 ullius
202 925 408 1020 adjeilionis
421 927 663 1019 permixtione
672 924 899 1020 profitemur:
924 944 1061 1001 tamen·

81 1024 286 1120 quomodo
303 1024 524 1099 sentiendum
541 1024 615 1119 est,
641 1028 817 1100 nominari
831 1028 975 1101 interim
994 1026 1062 1099 Dei

80 1148 141 1203 ma
155 1125 316 1199 videtur:
343 1125 387 1197 de
400 1124 541 1199 Christo
556 1147 650 1198 vero
665 1147 741 1199 non
757 1126 951 1200 dubitatur.
1002 1125 1053 1198 Et

81 1226 262 1301 nonmihi
287 1225 432 1297 uidetur
457 1224 642 1298 absurdum
667 1229 772 1298 etiam
786 1226 832 1299 de
856 1224 980 1299 senilis
997 1224 1061 1315 Am

83 1326 294 1416 caterisque
311 1323 506 1397 caelestibus
527 1325 723 1397 virtutibus
744 1326 815 1397 tale
828 1324 959 1417 aliquid
973 1326 1061 1397 vel<

81 1444 147 1518 re,
172 1426 235 1497 vel
254 1423 393 1498 sentire.
444 1424 626 1516 Siquidem
642 1422 804 1496 delinitio
822 1426 883 1497 illa
898 1426 1024 1497 anima
1039 1445 1061 1495 e

80 1524 121 1597 in
139 1520 235 1616 ipsos
258 1522 402 1597 videtur
418 1523 611 1598 incurrere.
663 1525 759 1625 Quis
770 1525 865 1597 enim
885 1523 1061 1596 rationabi

80 1621 260 1697 sensibiles
294 1644 358 1695 eos
393 1622 462 1696 esse
494 1625 558 1696 vel
589 1625 741 1696 mobiles
773 1624 912 1716 poterit
941 1623 1061 1719 deneg:

81 1723 197 1823 Quod
218 1721 356 1796 sirella
378 1722 442 1795 ista
465 1723 611 1795 videtur
637 1723 707 1796 elle
732 1719 919 1816 definitio,
946 1724 1045 1814 quod

80 1822 210 1897 stantia
227 1823 488 1895 rationabiliter
513 1822 677 1896 sensibilis
699 1824 733 1896 dt
754 1822 898 1896 mobilis
915 1824 1031 1896 anima
1053 1846 1061 1892 i

80 1936 168 2017 tur,
195 1922 340 1996 videtur
360 1924 436 1995 haec
463 1924 585 1996 eadem
607 1920 769 1995 definitio
794 1924 900 1995 etiam
921 1921 964 1995 ad
984 1919 1061 2017 Aug

79 2024 275 2118 pertinere.
328 2022 427 2121 Quid
439 2023 533 2096 enim
552 2023 645 2095 aliud
659 2023 696 2095 in
710 2024 777 2095 illis
789 2042 894 2112 quam
908 2018 1025 2093 sensus
1035 2038 1061 2091 ri

80 2123 208 2196 nabilis
226 2123 392 2194 &motus
409 2120 485 2193 est?
513 2124 681 2218 Quorum
701 2134 819 2193 autem
832 2142 905 2192 una
925 2116 1059 2193 definiti

81 2224 177 2293 ratio
201 2220 275 2312 est,
311 2220 442 2293 horum
458 2220 531 2293 sme
552 2220 662 2295 dubio
683 2221 717 2295 oc
739 2220 861 2293 eadem
877 2218 1061 2293 substantia

81 2320 212 2394 Paulus
226 2316 308 2392 sane
320 2317 390 2391 esse
406 2320 592 2413 quemdam
610 2321 795 2393 animalem
817 2319 1001 2391 hominem
1017 2317 1061 2413 srg

44 2417 47 2425 ’
83 2434 164 2512 cat,
192 2439 297 2508 quem
313 2434 420 2513 negat
440 2442 482 2492 ea
504 2441 581 2511 quae
600 2419 681 2492 sunt
695 2417 833 2513 spiritus
851 2417 923 2489 Dei
938 2416 1061 2511 pollet

4 2604 17 2623 .
80 2539 193 2615 pere:
220 2515 279 2590 sed
290 2517 431 2591 stultam
451 2520 539 2591 dicit
553 2520 588 2592 ei
601 2519 716 2591 videri
731 2519 881 2612 Spiritus
895 2514 1002 2589 sansti
1017 2516 1061 2589 do

82 2640 187 2711 nam,
212 2638 282 2690 nec
315 2617 415 2712 polle
446 2640 527 2690 eum
559 2619 756 2714 intelligere
789 2616 887 2709 quod
919 2616 1061 2709 spiritua*

83 2717 314 2792 discernatur.
371 2716 442 2789 Sed
457 2718 491 2790 ἃ
504 2718 541 2788 in
563 2719 633 2789 alio
655 2720 743 2789 loco
761 2719 810 2789 ait
830 2714 992 2788 seminari
1012 2733 1061 2787 cot

84 2820 255 2909 animale,
283 2815 467 2913 &surgere
483 2836 615 2911 corpus
629 2816 802 2908 spiritale,
829 2813 1061 2889 ostendensit

81 2916 301 2994 sutreilione
314 2916 490 3009 justorum
507 2917 596 2989 nihil
612 2917 760 2989 animale
773 2916 942 2989 futurum.
994 2912 1042 2987 Et
1056 2911 1061 2982 i

81 3020 295 3111 requirimus
322 3039 369 3089 ne
396 3014 494 3088 forte
519 3013 708 3088 substantia
732 3016 847 3106 aliqua
863 3013 906 3085 s1t
927 3035 1005 3105 quae
1024 3010 1061 3085 so

82 3118 168 3193 dum
182 3119 255 3190 hoc
269 3116 367 3210 quod
378 3116 491 3187 anima
504 3115 567 3206 est,
579 3112 784 3207 impersesla
794 3113 846 3187 tit.
871 3114 1013 3186 Verum
1024 3118 1061 3183 ut

82 3233 280 3312 propterea
300 3214 506 3308 imperfecta
526 3216 567 3287 sit
588 3212 687 3305 quod
709 3234 729 3284 u
749 3210 972 3308 perfectione
991 3210 1061 3285 deci

84 3339 130 3390 an
154 3318 234 3389 talis
261 3340 281 3403 a
306 3316 391 3387 Deo
416 3311 507 3387 fasta
530 3314 594 3408 sit,
630 3335 712 3384 cum
736 3332 800 3407 per
824 3310 990 3384 ordinem
1013 3310 1061 3383 fio

85 3416 211 3490 discuti
234 3418 429 3508 coeperint,
455 3414 686 3504 requiremus.
737 3411 772 3482 Si
788 3411 882 3483 enim
903 3411 1059 3484 animalis

83 3538 146 3591 mo
158 3537 235 3589 non
252 3516 382 3611 recipit
394 3534 470 3605 quae
480 3510 566 3585 sunt·
573 3511 712 3606 spiritus
728 3510 824 3601 Dei,
850 3508 968 3602 &pro
985 3528 1061 3599 eoq

84 3616 242 3689 animalis
255 3614 325 3707 est,
346 3612 504 3687 melior-is
517 3626 673 3703 naturae,
689 3611 725 3683 id
737 3609 788 3682 est
802 3608 934 3681 divinae
947 3608 1059 3682 intelli

83 3714 170 3788 tiam
189 3717 350 3807 recipere
366 3733 442 3785 non
460 3710 600 3805 potest,
626 3711 694 3784 hac
714 3708 866 3782 sortaslis
884 3706 930 3781 de
950 3704 1053 3781 causa

84 3812 227 3911 (lentius
242 3834 312 3891 uos
325 3812 454 3886 Paulus
470 3810 603 3885 docere
618 3814 749 3891 volens
766 3806 851 3905 quid
863 3806 907 3883 fit
915 3827 981 3903 per
990 3828 1061 3901 quo

900 3926 1061 4002 „p
