2498 4254
175 180 183 199 ,
251 115 331 194 ΒΕ
379 114 724 213 PRINCIPIIS,
776 114 967 195 LIB.III.
1069 142 1135 197 211

69 301 118 355 ne
133 279 209 355 hoc
226 279 368 371 quidem
387 280 520 373 absque
540 279 669 353 divinae
684 278 946 372 dispensationis
960 272 1038 352 fieri
1054 304 1139 374 pro·

69 380 235 454 videntia
250 378 388 473 potest:
416 383 496 472 quia
518 379 582 452 niti
604 400 669 475 per
687 380 783 472 hoc,
808 398 886 451 non
905 381 1138 476 cognoscere-

69 493 131 551 tur
159 478 246 571 quid
280 479 589 572 condemnationis
616 480 766 552 haberet
788 477 968 552 temeritas
996 481 1135 555 auditus

70 578 104 652 &
130 577 424 671 perscrutationis
446 578 673 671 improbitas:
699 600 775 651 non
799 579 923 668 utique
943 578 1137 675 cognosce·

69 692 172 751 retur
190 678 275 769 quid
293 677 378 751 esset
393 677 555 750 utilitatis
572 679 702 751 erudiri
718 699 781 773 per
801 678 972 752 ordinem.
1024 678 1073 751 Et
1085 681 1137 752 in-

71 766 115 851 de
135 774 180 849 fit
194 790 237 849 ut
258 774 453 875 cognoscat
477 780 591 851 anima
611 776 740 851 vitium
763 775 882 869 suum,
907 772 1014 868 seque
1028 776 1138 872 ipsam

71 872 333 972 reprehendat,
362 899 403 951 ac
420 876 680 970 consequenter
697 875 733 950 se
755 878 900 950 culturae
913 874 1074 950 reservet
1095 900 1139 951 ac

71 974 209 1070 tradat,
236 975 272 1049 id
286 976 391 1049 estut
405 977 526 1050 videat
540 978 602 1049 fibi
615 976 710 1069 prius
726 979 812 1049 vitia
827 973 1034 1070 resecanda,
1059 991 1138 1077 tum

72 1074 203 1149 deinde
226 1074 270 1148 ad
293 1074 561 1149 instrudtionem
586 1075 737 1149 scientiae
758 1074 992 1151 veniendum..
1038 1078 1137 1176 Quia

73 1196 160 1271 ergo
189 1174 279 1247 sicut
303 1176 486 1249 innumera
514 1177 521 1189 '
600 1174 681 1248 sunt
708 1175 850 1266 animae,
877 1178 928 1246 ita
953 1174 987 1245 &
1012 1196 1136 1248 mores

75 1295 194 1347 earum
210 1286 317 1364 atque
330 1275 493 1368 proposrt
562 1274 760 1367 diversaque
776 1276 985 1371 singularum
998 1288 1137 1368 motus,

76 1372 341 1467 &appetentiae
356 1374 390 1446 u
405 1376 654 1447 incitamenta:
680 1395 827 1466 quarum
840 1372 1052 1446 varietatem
1072 1376 1137 1448 hu·
1186 1452 1190 1459 ,

75 1494 176 1545 mana
201 1492 302 1545 mens
327 1474 550 1546 considerare
573 1474 774 1547 nullatenus
796 1471 931 1567 potest:
957 1472 1041 1545 ideo
1071 1471 1137 1545 soii

79 1568 160 1645 Deo
179 1588 234 1643 ars
250 1573 283 1643 n
298 1574 466 1664 potentia·
481 1571 747 1667 dispensationis
767 1572 1015 1665 hujuscemodi
1032 1573 1138 1645 relin-

79 1670 216 1763 quenda
231 1668 305 1764 est,
334 1674 393 1763 qui
407 1671 501 1745 solus
519 1670 619 1746 noss'e
634 1672 754 1766 potest
770 1670 974 1744 &remedia
991 1672 1137 1767 lingula-

79 1790 172 1861 rum,
211 1770 245 1841 δι
272 1773 495 1844 curationum
522 1784 662 1865 tempus
688 1772 816 1845 metiri.
867 1768 945 1863 Ipsa
971 1790 1059 1864 ergo
1087 1769 1139 1842 est

81 1870 132 1961 qui
158 1868 278 1962 solus,
305 1886 346 1942 ut
372 1869 544 1965 diximus,
580 1870 739 1965 agnoscit
763 1871 980 1965 singulorum
1004 1884 1139 1941 morta·

81 1967 159 2041 lium
171 1969 273 2061 vias,
302 1990 370 2060 qua
390 1971 450 2041 via
473 1972 578 2042 etiam
595 1968 817 2042 Pharaonem
836 1967 1012 2040 adducere
1033 1968 1139 2039 debe·

82 2084 131 2140 ret
143 2081 187 2139 ut
203 2088 267 2160 per
283 2066 394 2161 ipsum
407 2088 539 2141 nomen
555 2067 653 2143 suurn
674 2069 918 2140 nominaretur
942 2068 979 2137 in
995 2068 1138 2139 univer-

84 2164 112 2239 sa
134 2184 252 2260 terra,
288 2169 449 2260 pluribus
474 2169 583 2265 plagis
615 2183 719 2241 antea
747 2166 950 2263 castigatum
976 2164 1138 2256 &usque

86 2264 122 2339 ad
136 2267 408 2340 submersronem
424 2270 528 2340 maris
542 2267 739 2341 addustum.
792 2266 833 2337 Iu
850 2286 918 2358 qua
934 2263 1140 2337 submersio·

85 2378 123 2437 ne
137 2388 216 2437 non
230 2368 355 2457 utique
367 2367 562 2459 putandum
578 2366 629 2439 est
646 2365 781 2439 finitam
797 2364 867 2437 esse
888 2383 970 2459 erga
985 2362 1138 2436 Pharao·

85 2482 156 2537 nem
172 2466 439 2558 providentiam
457 2467 543 2537 Dei:
569 2486 646 2537 non
664 2466 757 2538 enini
783 2467 863 2555 quia
883 2460 1058 2552 demersus
1073 2459 1137 2554 est,

87 2564 256 2637 continuo
282 2567 388 2639 etiarn
408 2562 677 2637 substantialiter
694 2560 862 2637 interiisse
879 2560 1057 2655 putandus
1077 2560 1138 2635 est.

86 2664 120 2739 lu
138 2691 234 2735 masau
259 2691 344 2735 enam
373 2670 437 2736 Dei
462 2664 501 2739 (Ἰ
525 2690 581 2736 uos·
607 2666 646 2740 (Ἰ
666 2666 823 2754 sermones
848 2664 947 2759 stoji-‘i
972 2659 1011 2738 ss
1036 2666 1166 2750 omnir*

83 2772 258 2859 prudentia·
273 2784 368 2863 arque
390 2786 512 2863 operum
531 2766 695 2863 disciplina
709 2765 766 2863 est,
791 2765 881 2838 srcut
901 2760 1074 2855 scriptura
1090 2758 1140 2833 di·

872 2872 875 2877 '
1026 2861 1088 2933 cit.

300 3022 725 3101 luraaruararro
763 3041 912 3098 novt.

82 3164 329 3241 universorum
350 3164 450 3241 Deus
477 3164 629 3257 &pater
647 3162 708 3257 qui
728 3164 838 3237 novit
860 3182 929 3253 qua
951 3156 1012 3231 via
1031 3155 1139 3231 ducat

80 3262 299 3339 Pharaonem
345 3285 384 3337 er
403 3280 464 3339 tot
484 3264 645 3359 prodigia
667 3264 703 3335 δε
717 3260 991 3337 submersionem
1010 3258 1047 3329 in
1071 3277 1142 3348 qua

80 3364 201 3459 utique
217 3384 296 3437 non
308 3286 410 3438 snita
423 3365 473 3439 est
487 3364 592 3459 ipsius
609 3372 652 3435 er
672 3360 926 3437 aPharaonem
943 3354 1140 3453 providen-
1177 3406 1180 3411 -

79 3464 136 3541 tia.
190 3462 284 3538 Non
300 3466 395 3539 eninr
410 3466 491 3557 quia
503 3384 699 3537 submersus
720 3460 790 3555 est,
816 3458 899 3532 ideo
914 3456 1072 3531 interiit:
1100 3458 1144 3526 In

79 3590 176 3636 manu
198 3572 285 3636 enim
307 3570 373 3637 Dei
396 3572 434 3641 (5
453 3590 510 3635 nos
531 3561 571 3639 (ὅ
591 3562 747 3651 samma
770 3562 867 3657 nostri
886 3568 924 3633 U
947 3562 1050 3625 omnis
1061 3576 1140 3649 pru·

77 3668 187 3737 dantia
207 3680 303 3761 atque
324 3686 447 3763 operum
465 3667 614 3755 scientia.
666 3659 791 3753 Atque
813 3661 889 3732 haec
909 3677 977 3754 pro
1002 3655 1140 3725 viribus

75 3764 209 3841 nostris
229 3762 381 3845 diximus
399 3778 441 3841 ut
453 3764 491 3840 id
506 3752 689 3939 seripgrrssga
707 3758 937 3839 defendatur:
964 3756 1142 3929 sagacitatis
