2498 4254
289 191 365 268 nr
406 160 766 287 'resumptus
798 188 991 283 muru.
1081 216 1173 307 ³³25
1226 212 1231 235 τ

84 408 90 415 -
107 359 266 448 ducere,
290 367 333 427 ut
349 355 553 448 priusquam
573 354 811 455 cognosceret
830 356 997 448 proferre
1012 361 1171 453 malum,

93 459 258 553 ,eligeret
280 458 427 528 bonum.
478 454 548 527 Sed
570 454 743 550 &lupum
767 456 893 528 animal
910 456 1001 529 istud
1022 460 1173 550 quadru-

105 577 172 651 pes
199 554 441 627 existimarunt
463 553 530 627 esse
549 555 829 647 prophetatum,
856 557 937 645 quia
962 555 1109 631 deberet
1131 559 1173 648 in

106 654 269 727 adventu
287 652 413 727 Christi
426 652 519 745 pasci
536 676 618 727 cum
629 655 750 748 agnis,
778 654 811 727 u
831 654 960 745 pardus
974 655 1173 747 requiesce·
1194 678 1197 685 ·

99 774 148 844 re
164 776 245 826 cum
258 753 384 843 hoedis,
412 753 547 825 vitulus
566 768 683 825 autem
699 754 733 824 δι
748 766 869 825 taurus
887 753 985 827 simul
999 776 1080 831 cum
1095 759 1173 849 leq-

105 853 213 936 nibus
229 850 321 943 pasci
332 907 345 941 ,
373 851 406 923 u
423 874 443 923 a
461 854 615 945 parvulo
638 874 751 945 puero
771 854 852 925 duci
870 854 913 925 ad
928 848 1077 945 pascua3
1105 858 1173 943 bp-

105 974 192 1025 vem
208 972 300 1023 vero
315 950 349 1022 &
362 949 480 1025 ursum
492 951 588 1024 simul
604 952 641 1025 in
654 951 808 1044 pastibus
825 951 1014 1046 recubare,
1030 952 1175 1031 eorun'r-

107 1072 178 1143 que
197 1050 302 1122 foetus
326 1051 459 1141 paritet
478 1051 647 1127 enutriri:
679 1053 806 1123 leones
833 1073 978 1144 quoque
998 1074 1070 1144 una
1090 1076 1173 1131 curu

106 1151 226 1223 bobus
247 1149 380 1221 adstare
391 1147 603 1242 praesepibus
620 1148 762 1223 &vesci
776 1151 897 1244 paleis.
949 1150 1092 1225 Horum
1108 1153 1173 1249 igi·

106 1262 168 1321 tur
186 1252 345 1323 omnium
360 1270 436 1339 quae
456 1248 499 1321 de
520 1270 566 1321 eo
591 1251 809 1342 prophetata
825 1247 906 1321 sunt
925 1248 1013 1323 nihil
1034 1252 1173 1347 gestum

107 1346 178 1422 esse
196 1346 387 1421 secumdum
406 1347 585 1421 historiam
598 1348 858 1445 pervidentes,
885 1350 923 1421 in
942 1350 1068 1442 quibus
1085 1374 1174 1444 prae·

110 1447 221 1539 cipue
241 1446 335 1543 figna
352 1448 527 1520 adventus
555 1447 682 1521 Christi
708 1446 930 1522 observanda
955 1446 1172 1544 essecrede·

105 1550 221 1637 bant,
246 1545 418 1639 suscipere
434 1545 653 1641 presentiam
673 1546 825 1620 Domini
843 1546 956 1620 nostri
968 1546 1172 1643 JesupChri-

105 1646 352 1721 stinolebnnt:
380 1646 598 1742 quinimo&
617 1648 722 1718 velut
738 1660 867 1721 conua
881 1646 940 1737 jus
960 1645 1108 1741 fasque,
1133 1649 1173 1725 id

106 1744 160 1819 est
174 1760 303 1819 contra
316 1745 516 1837 prophetiae
526 1742 633 1817 fidem
650 1742 878 1819 assumentem
894 1766 980 1826 eum
990 1746 1052 1817 fibi
1069 1745 1173 1837 Chri·

87 1842 150 1934 ,sti
166 1866 323 1935 nomen,
360 1844 457 1915 cruci
470 1846 568 1917 illum
586 1842 783 1918 affixerunt.
834 1842 931 1917 Tum
950 1865 1042 1916 vero
1061 1846 1173 1921 haere-

106 1942 172 2015 tici
191 1944 348 2041 legentes
368 1943 464 2035 quod
485 1944 523 2015 in
543 1944 623 2038 lege
638 1940 806 2036 scriptum
826 1943 898 2018 est:
927 1947 1012 2036 Ignis
1027 1942 1172 2043 accensps

108 2041 200 2141 estex
207 2044 320 2135 furore
341 2064 428 2112 mee:
456 2040 490 2114 δι
507 2043 572 2135 Ego
598 2046 757 2112 Dominus
772 2045 885 2114 zelans
901 2038 939 2117 Φ
959 2044 1088 2114 reddens
1104 2067 1174 2142 pec·

85 2214 90 2229 ,
106 2157 180 2237 suta
190 2162 318 2238 parrum
340 2136 468 2231 infilius
483 2144 521 2211 in
536 2147 665 2213 tertiam
684 2143 717 2214 ἃ
734 2160 884 2239 quartam
894 2147 1087 2237 progeniem:
1113 2144 1171 2232 &,

109 2244 250 2315 Punite!
266 2244 447 2340 quodunxi
468 2242 550 2312 Saul
567 2246 604 2311 in
622 2266 740 2334 regem:
766 2242 820 2333 dc,
847 2246 911 2335 Ege
937 2246 1097 2313 Dominus
1114 2250 1173 2343 ppt*

100 2340 193 2436 fucis
204 2365 325 2439 pacem,
352 2342 391 2415 ds
407 2365 472 2411 creo
487 2342 592 2417 main:
621 2341 655 2413 &
671 2341 817 2415 iterum:
843 2346 924 2417 Non
940 2342 1120 2439 usmaiitin
1132 2349 1173 2422 in

107 2446 344 2539 sivirurequum
364 2445 518 2511 Dominus
532 2466 598 2511 non
606 2440 741 2532 fecerit:
768 2442 820 2529 δι,
849 2440 1088 2531 Descendtrunt
1103 2469 1171 2523 mue

106 2541 143 2612 sa
157 2568 178 2611 a
195 2547 332 2614 Domino
342 2540 436 2635 [uper
454 2556 560 2636 portes
582 2541 781 2637 Jerusalem:
809 2540 843 2613 dc
864 2542 944 2639 qued
955 2542 1091 2637 spiritus
1105 2568 1173 2637 mp-

107 2640 250 2733 lignusa
277 2646 342 2712 Deo
365 2639 530 2731 suffocabat
556 2641 670 2725 Saus,
698 2630 863 2712 &musta
886 2642 952 2711 alia
975 2640 1029 2713 his
1050 2642 1172 2715 similia

109 2761 186 2835 quae
207 2741 335 2834 scripta
349 2737 428 2811 sunt
440 2741 623 2836 legentes,
646 2740 765 2813 dicere
790 2739 932 2831 quidem
956 2761 1014 2815 eus
1030 2761 1108 2911 nop
1122 2738 1171 2814 es·

808 2854 812 2861 .
1100 2861 1122 2915 e
1234 2868 1240 2879 ,

333 2999 758 3074 Iurenenrrsrro
796 3018 946 3075 nous.

108 3141 251 3234 quidem
273 3163 330 3214 eas
348 3139 417 3213 esse
437 3138 510 3211 Dei
528 3137 716 3231 scripturas
737 3158 813 3209 non
835 3136 904 3209 aust
924 3138 1026 3229 sunt,
1050 3134 1111 3211 sed
1128 3138 1169 3211 il.

106 3244 176 3316 lius
194 3263 300 3333 quem
315 3240 425 3332 Judaei
448 3239 576 3310 colunt
600 3238 772 3309 creatoris
792 3258 849 3311 cas
872 3232 940 3309 effe
957 3236 1047 3328 rati,
1075 3238 1170 3329 quasr

106 3339 333 3434 imperfedius
357 3360 425 3411 nec
450 3338 569 3409 bonus
595 3332 682 3407 esset
705 3337 764 3409 ille
786 3334 979 3428 conditor,
1007 3336 1170 3411 arbitrati

105 3438 187 3517 sunt
202 3436 381 3512 advenisse
397 3439 623 3511 Salvatorem
639 3436 697 3525 qui
713 3432 963 3527 perfectiorem
982 3438 1171 3511 anntmciu.

109 3555 167 3612 ret
180 3538 298 3611 Deum
317 3559 420 3627 quem
436 3536 561 3608 dicunt
578 3555 654 3606 non
680 3532 748 3607 esse
766 3532 888 3607 mundi
914 3529 1105 3627 opificem,
1129 3536 1171 3613 in
1196 3604 1199 3611 ,

110 3636 226 3709 varias
234 3660 276 3711 ea
291 3637 335 3709 de
350 3659 389 3710 re
404 3632 544 3727 abrepti
556 3631 761 3725 sententias,
788 3631 821 3705 u
836 3630 1020 3726 postquam
1036 3654 1055 3704 a
1073 3654 1171 3705 crea·

111 3749 196 3809 tore
217 3736 275 3827 qui
299 3734 350 3807 est
375 3736 553 3834 ingenitus
579 3729 673 3803 solus
699 3734 827 3824 Deus,
852 3730 1081 3822 defecerunt,
1106 3727 1170 3826 fig·

109 3834 241 3919 mentis
261 3832 506 3935 adheserunt,
533 3832 746 4011 expugnatis
765 3827 897 3909 finibb
911 3828 1182 4001 hypopipegipppu

632 3954 653 4031 3
1135 3962 1156 3989 n
