2498 4254
257 168 337 243 DE
385 165 744 271 PRl-NCIPIIS,
795 162 971 245 Liun.
1072 186 1142 268 135
1212 93 1217 117 ι

79 332 238 428 vigoris,
263 330 398 421 aliquas
413 350 505 402 vero
529 342 591 401 aut
604 329 713 415 nihil,
739 340 800 400 aut
815 332 982 425 exiguum
997 326 1145 419 aliquid,

79 426 189 503 Unde
205 431 442 503 inveniuntur
454 430 595 521 quidam
607 427 722 502 statim
740 431 784 501 ab
800 428 1070 523 ineunteae'tate
1089 446 1147 500 ar·

83 523 256 603 deutioris
272 530 467 621 acuminis,
495 530 551 601 alii
572 550 664 601 vcro
683 528 869 620 tardioris,
896 528 1063 618 nonnulli
1085 542 1146 599 au·

84 640 151 701 tem
178 626 384 703 obtusrffimi
406 627 441 699 dt
466 628 610 721 penitus
630 626 806 699 indociles
832 625 938 705 nasci.
988 627 1147 701 Verum·

85 739 199 801 tamen
218 727 319 819 quod
335 726 509 817 diximus,
534 741 692 800 mentem
713 729 749 798 in
769 728 920 801 animam
938 728 1054 817 ve'rti,
1080 724 1146 800 vel

85 817 188 917 siqua
204 830 273 899 alla
288 828 324 898 in
341 826 415 899 hoc
434 826 604 898 videntur
619 824 792 917 aspicere,
820 826 983 897 discutiat
999 824 1093 917 apud
1105 822 1144 899 se

88 926 140 1018 qui
149 926 239 1021 legit
257 926 459 1019 diligentius
476 924 510 996 ἃ
527 922 738 1017 pertractet:
764 947 782 997 a
800 926 907 997 uobis
926 940 1144 997 tamennon

86 1038 253 1117 putentur
280 1026 383 1096 velut
407 1024 574 1119 dogmata
601 1022 670 1097 else
695 1025 856 1119 prolata,
884 1022 943 1097 sed
969 1020 1144 1097 tradendi

86 1144 179 1197 nore
195 1144 239 1195 ac
253 1124 458 1215 requirendi
473 1121 541 1196 esse
557 1122 711 1199 discussa.
737 1122 868 1196 'Addat
881 1138 1002 1196 autem
1018 1120 1052 1193 dc
1067 1122 1143 1193 hoc

88 1222 137 1311 qui
153 1222 242 1317 legit
257 1224 301 1295 ad
318 1220 524 1315 tractatum,
550 1224 649 1314 quod
669 1224 776 1295 etiam
796 1223 841 1298 de
856 1220 1052 1295 saluatoris
1069 1220 1144 1293 ani·

88 1342 135 1394 ma
153 1343 198 1393 ex
220 1323 274 1393 his
294 1322 436 1413 quidem
454 1343 531 1413 quae
549 1324 585 1394 in
603 1324 794 1419 evangelio
808 1324 937 1416 scripta
950 1320 1049 1411 sunt,
1076 1320 1144 1393 ob·

89 1422 260 1512 servatur,
298 1420 397 1513 quod
416 1424 482 1493 alia
503 1419 583 1493 sont
604 1443 680 1511 quae
705 1426 738 1493 ei
763 1422 824 1495 sub
844 1422 968 1495 animae
988 1420 1143 1493 nomine

91 1516 346 1612 adscribuntur,
372 1520 405 1593 ἃ
427 1522 493 1593 alia
509 1542 587 1613 quae
607 1522 669 1594 sub
687 1521 836 1614 Spiritus
857 1522 1006 1594 nomine
1029 1516 1142 1611 de'pu·

90 1628 210 1699 tantur.
260 1618 357 1695 Nam
387 1641 495 1711 quum
519 1618 712 1714 paffionem
736 1622 888 1712 aliquam
912 1621 974 1692 vel
1000 1630 1142 1711 pertur-

91 1714 264 1792 bationem
280 1717 329 1791 sui
346 1721 426 1793 vult
438 1719 616 1811 indicare,
653 1718 716 1793 sub
735 1720 860 1793 animae
877 1719 1028 1793 nomine
1049 1716 1143 1789 indi·

93 1828 150 1909 tat,
159 1832 201 1889 ut
211 1839 321 1909 quum
331 1818 434 1893 dicit:
460 1821 681 1891 Nuucauima
694 1842 760 1889 mea
773 1818 905 1888 turlatu
921 1818 978 1913 eli,
991 1814 1043 1897 dt,
1062 1810 1140 1887 Tri·

91 1914 136 2009 llis
152 1916 190 2014 eft
209 1922 400 1989 animemed
421 1919 568 2017 usquead
586 1936 741 2006 mortem,
774 1917 827 2004 dt,
854 1942 942 1987 nuno
965 1918 1049 1995 lossii
1064 1920 1141 1986 oni·

97 2036 161 2085 nau
184 2043 303 2112 meam3
318 2018 373 2107 sed
400 2043 448 2111 ego
468 2038 548 2115 pono
566 2042 631 2088 eom
645 2018 698 2089 als
713 2042 769 2089 me.
820 2014 862 2089 In
877 2019 1141 2094 mantis'autem

93 2117 183 2205 patris
195 2116 429 2194 commendat
440 2138 518 2192 non
531 2125 695 2205 animam,
712 2115 771 2191 sed
785 2115 963 2210 spiritum:
980 2112 1141 2205 &quum

94 2230 221 2292 tamem
246 2216 341 2290 dicat
365 2214 565 2312 infirmam,
599 2236 677 2291 non
697 2220 855 2290 *animam
876 2225 1055 2308 promtam
1084 2210 1141 2286 di·

93 2314 142 2390 cit,
161 2313 222 2388 sed
248 2313 423 2409 spiritum:
448 2318 545 2390 unde
561 2318 706 2388 videtur
726 2315 820 2407 quast
840 2314 999 2390 medium
1023 2310 1140 2404 quod·

92 2408 155 2485 dam
185 2412 256 2486 esse
290 2419 406 2491 anima
429 2418 524 2490 inter
550 2436 694 2492 carnem
717 2411 895 2492 infirmam
918 2411 952 2485 dc
976 2406 1139 2507 spiritum

90 2527 268 2602 promtum.
1174 2592 1177 2597 ,

144 2630 178 2701 ς.
205 2611 276 2685 Sed
301 2611 450 2687 fortasis
473 2625 641 2687 occurrat
665 2613 774 2688 nobis
799 2613 925 2704 aliquis
945 2634 991 2687 ex
1012 2610 1068 2685 his
1088 2608 1136 2685 de

89 2710 200 2799 quibus
214 2710 279 2802 ipsi
292 2712 328 2783 in
341 2711 470 2787 nostris
489 2714 800 2807 propositionibus
815 2714 1087 2804 admonuimus,
1099 2708 1138 2783 dt

88 2806 184 2883 dicat:
212 2812 415 2905 Quomodo
429 2834 516 2909 ergo
533 2813 641 2886 etiam
657 2812 729 2885 Dei
745 2816 863 2885 anima
881 2808 1037 2886 dicitur?
1065 2808 1134 2885 cui

86 2909 367 3003 respondebimus
382 2913 457 2985 hoc
473 2913 603 3003 modo:
618 2914 701 3005 quia
715 2911 805 2986 ficut
820 2912 942 2985 omnia
956 2932 1034 3001 quae
1055 2928 1135 2981 cor·

84 3011 245 3099 poraliter
255 3009 300 3083 de
308 3008 393 3087 Deo
403 3010 582 3101 dicuntur,
597 3012 632 3085 id
648 3009 700 3086 est
713 3014 772 3083 vel
786 3010 899 3107 digiti,
912 3013 974 3083 vel
986 3028 1134 3100 manus,

84 3104 134 3180 iel
141 3110 300 3202 brachia,
308 3110 370 3182 vel
380 3113 493 3202 oculi,
507 3113 567 3183 vel
582 3133 660 3204 pes,
670 3112 731 3184 vel
742 3131 798 3201 os,
811 3108 1133 3183 dicimusnonhaec

81 3202 414 3301 humanamembra‚
429 3209 488 3283 sed
501 3210 654 3283 virtutes
665 3211 739 3303 ejus
753 3208 916 3299 quasdam
931 3210 968 3281 in
983 3207 1039 3280 his
1053 3227 1133 3279 cor·

79 3324 269 3397 poreorum
281 3310 526 3383 membrorum
538 3310 840 3406 appellationibus
851 3307 1019 3391 indicam
1036 3306 1132 3385 ita&

78 3404 139 3480 elle
148 3407 282 3499 aliquid
299 3408 394 3479 aliud
406 3408 604 3500 putandum
617 3406 681 3501 est,
693 3406 794 3499 quod
804 3406 1050 3500 appellatione
1063 3408 1133 3478 liae

77 3524 147 3597 quae
158 3512 274 3580 anima
290 3505 362 3578 Dei
376 3505 525 3599 dicitur,
546 3509 734 3581 indicatur.
761 3504 847 3579 Etsi
863 3505 916 3577 sas
932 3505 983 3578 est
999 3506 1131 3577 audere

74 3609 181 3692 nosin
193 3609 253 3677 tali
267 3626 307 3677 re
317 3607 467 3696 amplius
480 3606 612 3697 aliquid
623 3606 757 3697 dicere,
771 3602 891 3697 potest
902 3604 1132 3681 sortaffeani·

73 3726 124 3777 ma
135 3706 204 3781 Dei
214 3702 683 3799 iutelligiunigenitusfilius
693 3705 780 3796 ejus.
796 3704 897 3777 Sicut
908 3708 1004 3779 enim
1015 3704 1132 3778 anima

72 3824 130 3899 per
156 3824 267 3885 omne
284 3822 420 3899 corpus
434 3802 567 3979 insert}
585 3818 715 3878 movet
732 3804 902 3880 omnia&
917 3804 1026 3904 agitat
1051 3820 1130 3894 quae

587 3924 613 3993 4
956 3921 1092 4003 opeta·
