2498 4254
250 128 367 257 ,nn
405 172 738 307 enrncmne,
787 124 1017 259 eruam*
1089 205 1162 281 403

101 339 147 415 lic
160 337 258 412 lucis
279 338 443 415 universa
461 352 622 414 creatura
647 339 873 435 participium
889 339 1014 431 uehit,
1039 342 1164 419 incor-

98 453 205 532 rupta
217 437 317 513 est&
339 456 491 531 aeterna,
518 440 623 523 valde
636 442 863 533 consequens
878 440 912 513 dt
928 438 1163 522 necessarium

54 616 57 621 ,
99 534 151 613 est
164 541 271 612 etiam
285 561 430 614 omnem
440 538 664 615 substantiam
676 561 754 632 quae
768 554 909 613 aeternae
919 542 1013 614 illius
1022 555 1162 619 nature

97 640 326 738 participium
351 642 480 732 trahit,
517 640 708 733 perdurare
738 643 845 713 etiam
868 638 1086 733 semper,·&
1105 647 1163 721 in·

98 739 371 832 corruptibilem
393 735 462 812 elie
484 738 520 813 dc
542 754 734 818 aeternam,
766 753 808 812 ut
829 738 961 813 divine
984 741 1160 817 bonitatis

97 841 279 911 aeternitae
294 843 400 913 ctiam
416 843 453 913 in
471 862 513 913 ea
529 840 766 935 intelligatur,
794 838 926 915 dum&
943 841 1162 916 aeternisuut

96 937 136 1011 hi
150 937 209 1028 qui
231 937 307 1030 ejus
323 936 501 1013 beneficia
520 938 800 1030 consequuntur.
852 938 923 1012 Sed
939 938 1029 1012 sicut
1043 942 1160 1035 perci·

95 1035 235 1129 piendae
257 1040 348 1110 lucis
366 1038 549 1113 divertitat
573 1037 711 1112 servata
728 1039 779 1113 est
799 1040 836 1112 in
852 1038 1047 1134 exemplis,
1073 1060 1163 1119 cuntr

95 1138 157 1209 vel
171 1135 333 1211 obtusior
343 1139 403 1211 vel
418 1141 559 1211 acutior
572 1140 722 1212 obtutus
736 1137 934 1234 designatus
948 1137 999 1211 est
1014 1140 1160 1215 intuen-

94 1236 165 1309 tit:
191 1239 242 1309 ita
260 1238 366 1311 etiam
384 1237 430 1313 de
450 1240 561 1335 patris
580 1237 615 1310 da
632 1233 695 1311 filii
714 1236 867 1311 &santii
884 1240 1034 1331 Spiritus
1049 1240 1159 1335 parti·

93 1337 280 1428 cipatione
293 1332 464 1411 servanda
479 1334 531 1411 est
543 1356 611 1431 pro
627 1339 836 1411 intentione
854 1335 971 1410 sensus
982 1339 1043 1411 vel
1057 1360 1158 1415 men·

93 1437 141 1507 tit
159 1438 358 1527 capacitate
379 1436 573 1515 diversitas.
624 1438 801 1529 Alioquin
819 1435 1105 1523 consideremus,
1117 1436 1157 1513 .ss

92 1553 172 1606 non
189 1536 294 1609 etiam
308 1537 455 1631 impium
464 1539 609 1611 videtur
618 1552 660 1610 ut
670 1558 772 1612 mens
785 1557 862 1629 quae
874 1533 948 1610 Dei
963 1556 1075 1630 capax
1089 1534 1157 1629 eli,

91 1631 352 1712 substantialem
369 1638 520 1729 recipiat
536 1641 740 1710 interitum:
766 1650 934 1727 tanquam
952 1636 1026 1708 hoc
1040 1635 1156 1730 ipsum

92 1733 191 1826 quod
211 1737 411 1834 intelligere
426 1735 544 1811 Deum
565 1734 686 1831 potest
703 1739 738 1808 tr
756 1737 908 1828 sentire,
931 1754 1010 1809 non
1021 1732 1157 1809 eisuffi·

93 1852 182 1905 cere·
204 1830 308 1925 pollit
331 1835 372 1909 ad
397 1838 699 1929 perpetuitatem,
732 1839 885 1909 maxime
912 1852 995 1907 cum
1018 1832 1156 1909 etiamst

90 1951 157 2025 per
173 1933 424 2028 negligentiam
436 1934 578 2009 decidat
593 1954 751 2009 meusne
764 1956 852 2027 pure
863 1935 1046 2027 &integre
1062 1930 1155 2009 inse

90 2029 392 2128 recipiatDeum,
416 2034 556 2127 semper
574 2049 694 2110 tamen
713 2036 895 2107 habeatin
914 2030 950 2108 se
975 2033 1079 2105 velut
1102 2029 1159 2107 se··
1204 2056 1211 2063 ·

89 2131 189 2205 mine
206 2133 363 2224 quaedam
382 2135 568 2229 reparandi
590 2155 632 2209 ac
651 2131 854 2207 renovandi
873 2131 1032 2206 melioris
1048 2130 1155 2207 intel·

86 2228 216 2324 letius,
243 2230 1157 2331 cumadimaginem&similitudinemDeiquicrea0

89 2330 250 2424 viteum,
276 2334 430 2409 interior
442 2334 556 2408 homo
568 2333 867 2429 quidcrationalis
878 2331 1019 2419 dicitur,
1044 2351 1155 2406 reno·

88 2441 207 2507 vatur.
257 2429 413 2528 Propter
434 2435 532 2525 quod
555 2428 787 2529 &propheta
810 2433 914 2505 dicit:
943 2432 1154 2522 &ministrn-

87 2545 146 2603 την
168 2531 207 2608 (⁴7
233 2550 463 2607 convertentur
487 2536 528 2607 ad
556 2540 728 2607 Dominum
749 2556 853 2603 amnes
863 2533 950 2623 fines
969 2549 1086 2626 terra,
1109 2530 1153 2611 <5

87 2632 265 2704 auratum
283 2636 321 2705 itt
344 2632 503 2731 conlptflu
522 2637 592 2733 ejus
602 2633 740 2729 familia
757 2657 859 2704 omnes
874 2634 1025 2725 gentium.

165 2750 220 2824 37.
247 2731 283 2806 Si
304 2735 383 2827 quis
404 2756 496 2809 vero
522 2734 631 2809 audet
655 2733 917 2809 substantialem
946 2728 1153 2823 corruptio·

88 2836 174 2905 nem
190 2830 274 2906 dare
292 2837 324 2907 ei
343 2837 402 2926 qui
417 2834 611 2910 secundum
628 2832 818 2930 imaginem
837 2832 872 2904 dt
885 2828 1153 2905 similitudinem

86 2923 163 3001 Dei
182 2929 293 3006 iatius
316 2933 391 3028 est,
418 2949 460 3009 ut
482 2956 551 3030 ego
574 2947 688 3027 puto,
715 2935 823 3007 etiam
843 2931 881 3007 in
904 2927 1017 3024 ipsum
1035 2923 1151 3000 lilium

87 3026 162 3101 Dei
178 3030 313 3107 causam
332 3035 525 3128 impietatis
544 3033 718 3109 extendit.
768 3028 890 3129 Imago
904 3047 1060 3119 namque
1076 3023 1152 3097 Dei

87 3125 279 3224 etiamipse
298 3136 497 3229 appellatur
515 3130 618 3207 estin
634 3131 825 3226 scripturis.
875 3126 953 3203 Aut
975 3140 1075 3200 certe
1092 3141 1153 3237 ac·

88 3227 189 3302 cuset
205 3235 265 3322 qui
277 3233 353 3306 haec
364 3235 412 3307 ita
428 3237 520 3324 vult,
546 3231 725 3327 scripture
740 3228 988 3303 auctoritatem
1006 3245 1084 3316 quae
1097 3220 1149 3293 dt·

88 3328 193 3403 citad
208 3333 398 3428 imaginem
412 3334 484 3407 Dei
500 3329 630 3407 facium
646 3330 716 3406 elle
729 3331 936 3405 hominem:
959 3328 996 3399 in
1015 3340 1090 3414 quo
1110 3320 1148 3393 dt

86 3426 273 3503 manifeste
286 3432 416 3505 divinae
431 3434 591 3530 imaginis
608 3444 880 3528 cognoscuntur
890 3422 1041 3513 indicia,
1067 3440 1148 3537 non

84 3545 151 3618 per
168 3524 318 3625 effigiem
331 3533 497 3626 corporis
510 3554 587 3624 quae
603 3531 863 3624 corrumpitur,
888 3523 948 3599 sed
964 3543 1029 3618 per
1038 3540 1149 3596 anrmt

85 3625 332 3724 prudentiam,
360 3654 425 3725 per
440 3632 632 3725 iustitiam,
659 3646 725 3726 pet
748 3625 1054 3715 moderationem,
1080 3638 1146 3714 per

87 3726 292 3823 virtutem,
325 3754 390 3826 pet
430 3733 666 3829 sapientiam,
699 3748 765 3818 per
803 3725 1048 3820 disciplinam,
1078 3735 1144 3812 per

89 3845 239 3903 omnem
255 3829 409 3926 denique
432 3834 607 3909 virmtum
633 3822 812 3927 chorit'm,
845 3847 924 3923 que
948 3844 1031 3900 curn
1055 3821 1143 3892 Deo

610 3926 679 4011 cg
704 3948 729 4007 2
997 3916 1126 3997 munt
