<?xml version="1.0" encoding="UTF-8"?>
<!DOCTYPE html PUBLIC "-//W3C//DTD XHTML 1.0 Transitional//EN"
    "http://www.w3.org/TR/xhtml1/DTD/xhtml1-transitional.dtd">
<html xmlns="http://www.w3.org/1999/xhtml" xml:lang="en" lang="en">
 <head>
  <title>
</title>
<meta http-equiv="Content-Type" content="text/html;charset=utf-8" />
  <meta name='ocr-system' content='tesseract 3.04.00' />
  <meta name='ocr-capabilities' content='ocr_page ocr_carea ocr_par ocr_line ocrx_word'/>
</head>
<body>
  <div class='ocr_page' id='page_1' title='image "./operaomniasanct08unkngoog_0391.png"; bbox 0 0 2498 4254; ppageno 0'>
   <div class='ocr_carea' id='block_1_1' title="bbox 241 166 1215 305">
    <p class='ocr_par' dir='ltr' id='par_1_1' title="bbox 241 166 1215 305">
     <span class='ocr_line' id='line_1_1' title="bbox 241 166 1215 305; baseline 0.015 -51"><span class='ocrx_word' id='word_1_1' title='bbox 241 180 318 305; x_wconf 80' lang='lat' dir='ltr'>nn</span> <span class='ocrx_word' id='word_1_2' title='bbox 366 180 854 275; x_wconf 61' lang='lat' dir='ltr'>eumenum-mn.</span> <span class='ocrx_word' id='word_1_3' title='bbox 878 166 968 264; x_wconf 61' lang='lat' dir='ltr'>ut</span> <span class='ocrx_word' id='word_1_4' title='bbox 1057 206 1129 291; x_wconf 79' lang='lat' dir='ltr'>am</span> <span class='ocrx_word' id='word_1_5' title='bbox 1211 176 1215 185; x_wconf 84' lang='lat'><em>&#39;</em></span> 
     </span>
    </p>
   </div>
   <div class='ocr_carea' id='block_1_2' title="bbox 54 341 1202 2895">
    <p class='ocr_par' dir='ltr' id='par_1_2' title="bbox 54 341 1202 2895">
     <span class='ocr_line' id='line_1_2' title="bbox 65 341 1130 441; baseline 0.003 -23"><span class='ocrx_word' id='word_1_6' title='bbox 65 341 160 418; x_wconf 88' lang='lat' dir='ltr'>libus</span> <span class='ocrx_word' id='word_1_7' title='bbox 184 342 320 436; x_wconf 84' lang='lat' dir='ltr'>iegibus</span> <span class='ocrx_word' id='word_1_8' title='bbox 346 346 598 435; x_wconf 86' lang='lat' dir='ltr'>inquirendum</span> <span class='ocrx_word' id='word_1_9' title='bbox 625 342 699 435; x_wconf 80' lang='lat' dir='ltr'>eu,</span> <span class='ocrx_word' id='word_1_10' title='bbox 732 345 936 419; x_wconf 82' lang='lat' dir='ltr'><strong>invenimus</strong></span> <span class='ocrx_word' id='word_1_11' title='bbox 961 344 1130 441; x_wconf 78' lang='lat' dir='ltr'>TrageIa·</span> 
     </span>
     <span class='ocr_line' id='line_1_3' title="bbox 64 441 1127 538; baseline 0.008 -25"><span class='ocrx_word' id='word_1_12' title='bbox 64 441 178 535; x_wconf 84' lang='lat' dir='ltr'>phum</span> <span class='ocrx_word' id='word_1_13' title='bbox 192 443 260 514; x_wconf 91' lang='lat' dir='ltr'>dici</span> <span class='ocrx_word' id='word_1_14' title='bbox 274 447 398 517; x_wconf 83' lang='lat' dir='ltr'>animal</span> <span class='ocrx_word' id='word_1_15' title='bbox 420 446 518 535; x_wconf 88' lang='lat' dir='ltr'>quod</span> <span class='ocrx_word' id='word_1_16' title='bbox 529 443 708 518; x_wconf 80' lang='lat' dir='ltr'>subsrstere</span> <span class='ocrx_word' id='word_1_17' title='bbox 719 450 961 517; x_wconf 85' lang='lat' dir='ltr'>omninonon</span> <span class='ocrx_word' id='word_1_18' title='bbox 983 442 1127 538; x_wconf 81' lang='lat' dir='ltr'>potest,</span> 
     </span>
     <span class='ocr_line' id='line_1_4' title="bbox 64 542 1132 637; baseline 0.011 -27"><span class='ocrx_word' id='word_1_19' title='bbox 64 542 165 629; x_wconf 86' lang='lat' dir='ltr'>quod</span> <span class='ocrx_word' id='word_1_20' title='bbox 187 544 282 614; x_wconf 88' lang='lat' dir='ltr'>inter</span> <span class='ocrx_word' id='word_1_21' title='bbox 302 543 434 617; x_wconf 90' lang='lat' dir='ltr'>munda</span> <span class='ocrx_word' id='word_1_22' title='bbox 455 546 617 617; x_wconf 83' lang='lat' dir='ltr'>animalia</span> <span class='ocrx_word' id='word_1_23' title='bbox 637 546 743 619; x_wconf 86' lang='lat' dir='ltr'>etiam</span> <span class='ocrx_word' id='word_1_24' title='bbox 763 545 819 615; x_wconf 87' lang='lat' dir='ltr'>edi</span> <span class='ocrx_word' id='word_1_25' title='bbox 833 544 937 635; x_wconf 85' lang='lat' dir='ltr'>jubet</span> <span class='ocrx_word' id='word_1_26' title='bbox 955 544 1105 637; x_wconf 77' lang='lat' dir='ltr'>Moyses</span> <span class='ocrx_word' id='word_1_27' title='bbox 1115 568 1132 623; x_wconf 78' lang='lat' dir='ltr'>a</span> 
     </span>
     <span class='ocr_line' id='line_1_5' title="bbox 66 636 1128 733; baseline 0.004 -20"><span class='ocrx_word' id='word_1_28' title='bbox 66 636 103 713; x_wconf 74' lang='grc' dir='ltr'>ἃ</span> <span class='ocrx_word' id='word_1_29' title='bbox 130 638 339 733; x_wconf 84' lang='lat' dir='ltr'>Grypbum,</span> <span class='ocrx_word' id='word_1_30' title='bbox 366 662 471 733; x_wconf 86' lang='lat' dir='ltr'>quem</span> <span class='ocrx_word' id='word_1_31' title='bbox 490 645 607 715; x_wconf 88' lang='lat' dir='ltr'>nulius</span> <span class='ocrx_word' id='word_1_32' title='bbox 628 664 783 733; x_wconf 89' lang='lat' dir='ltr'>unquam</span> <span class='ocrx_word' id='word_1_33' title='bbox 805 645 966 717; x_wconf 84' lang='lat' dir='ltr'>meminit</span> <span class='ocrx_word' id='word_1_34' title='bbox 991 646 1050 715; x_wconf 86' lang='lat' dir='ltr'>vel</span> <span class='ocrx_word' id='word_1_35' title='bbox 1066 664 1128 717; x_wconf 87' lang='lat' dir='ltr'>au·</span> 
     </span>
     <span class='ocr_line' id='line_1_6' title="bbox 64 737 1128 835; baseline -0.004 -24"><span class='ocrx_word' id='word_1_36' title='bbox 64 737 160 811; x_wconf 85' lang='lat' dir='ltr'>divit</span> <span class='ocrx_word' id='word_1_37' title='bbox 180 743 341 813; x_wconf 83' lang='lat' dir='ltr'>humanis</span> <span class='ocrx_word' id='word_1_38' title='bbox 358 744 520 815; x_wconf 86' lang='lat' dir='ltr'>manibus</span> <span class='ocrx_word' id='word_1_39' title='bbox 536 741 689 835; x_wconf 81' lang='lat' dir='ltr'>potiriffe</span> <span class='ocrx_word' id='word_1_40' title='bbox 706 740 955 829; x_wconf 77' lang='lat' dir='ltr'>succumbere,</span> <span class='ocrx_word' id='word_1_41' title='bbox 980 747 1128 831; x_wconf 78' lang='lat' dir='ltr'>mandu-</span> 
     </span>
     <span class='ocr_line' id='line_1_7' title="bbox 65 840 1126 937; baseline 0.009 -28"><span class='ocrx_word' id='word_1_42' title='bbox 65 840 137 911; x_wconf 86' lang='lat' dir='ltr'>cati</span> <span class='ocrx_word' id='word_1_43' title='bbox 151 841 321 929; x_wconf 84' lang='lat' dir='ltr'>probibet</span> <span class='ocrx_word' id='word_1_44' title='bbox 332 842 523 937; x_wconf 85' lang='lat' dir='ltr'>legislator.</span> <span class='ocrx_word' id='word_1_45' title='bbox 550 840 663 916; x_wconf 85' lang='lat' dir='ltr'><strong>Sed&amp;</strong></span> <span class='ocrx_word' id='word_1_46' title='bbox 681 840 726 913; x_wconf 85' lang='lat' dir='ltr'>de</span> <span class='ocrx_word' id='word_1_47' title='bbox 744 841 875 915; x_wconf 84' lang='lat' dir='ltr'>sabbati</span> <span class='ocrx_word' id='word_1_48' title='bbox 892 840 1126 933; x_wconf 74' lang='lat' dir='ltr'>opinatissima</span> 
     </span>
     <span class='ocr_line' id='line_1_8' title="bbox 65 934 1125 1038; baseline 0.001 -28"><span class='ocrx_word' id='word_1_49' title='bbox 65 934 322 1012; x_wconf 82' lang='lat' dir='ltr'>observatione</span> <span class='ocrx_word' id='word_1_50' title='bbox 340 943 390 1013; x_wconf 85' lang='lat' dir='ltr'>ita</span> <span class='ocrx_word' id='word_1_51' title='bbox 409 941 512 1014; x_wconf 86' lang='lat' dir='ltr'>dicit:</span> <span class='ocrx_word' id='word_1_52' title='bbox 538 942 690 1013; x_wconf 74' lang='lat' dir='ltr'>Senum</span> <span class='ocrx_word' id='word_1_53' title='bbox 708 947 922 1038; x_wconf 75' lang='lat' dir='ltr'>unutquisque</span> <span class='ocrx_word' id='word_1_54' title='bbox 938 943 1125 1011; x_wconf 73' lang='lat' dir='ltr'>indomitus</span> 
     </span>
     <span class='ocr_line' id='line_1_9' title="bbox 63 1037 1123 1131; baseline 0.004 -24"><span class='ocrx_word' id='word_1_55' title='bbox 63 1037 207 1131; x_wconf 65' lang='lat' dir='ltr'>vestris,</span> <span class='ocrx_word' id='word_1_56' title='bbox 242 1042 346 1107; x_wconf 69' lang='lat' dir='ltr'>uuffus</span> <span class='ocrx_word' id='word_1_57' title='bbox 371 1041 547 1111; x_wconf 76' lang='lat' dir='ltr'><em>movebitur</em></span> <span class='ocrx_word' id='word_1_58' title='bbox 569 1046 605 1111; x_wconf 78' lang='lat' dir='ltr'>de</span> <span class='ocrx_word' id='word_1_59' title='bbox 629 1043 689 1111; x_wconf 82' lang='lat' dir='ltr'>loco</span> <span class='ocrx_word' id='word_1_60' title='bbox 712 1044 765 1121; x_wconf 75' lang='lat' dir='ltr'>[uo</span> <span class='ocrx_word' id='word_1_61' title='bbox 789 1049 827 1109; x_wconf 83' lang='lat' dir='ltr'>in</span> <span class='ocrx_word' id='word_1_62' title='bbox 850 1042 899 1112; x_wconf 72' lang='lat' dir='ltr'>die</span> <span class='ocrx_word' id='word_1_63' title='bbox 916 1040 1123 1125; x_wconf 73' lang='lat' dir='ltr'>sabbatorum.</span> 
     </span>
     <span class='ocr_line' id='line_1_10' title="bbox 65 1136 1122 1233; baseline 0.006 -26"><span class='ocrx_word' id='word_1_64' title='bbox 65 1136 179 1231; x_wconf 87' lang='lat' dir='ltr'>Quod</span> <span class='ocrx_word' id='word_1_65' title='bbox 197 1139 322 1227; x_wconf 89' lang='lat' dir='ltr'>utique</span> <span class='ocrx_word' id='word_1_66' title='bbox 343 1138 552 1233; x_wconf 81' lang='lat' dir='ltr'>impossibile</span> <span class='ocrx_word' id='word_1_67' title='bbox 572 1140 624 1212; x_wconf 87' lang='lat' dir='ltr'>est</span> <span class='ocrx_word' id='word_1_68' title='bbox 649 1138 840 1213; x_wconf 89' lang='lat' dir='ltr'>observare</span> <span class='ocrx_word' id='word_1_69' title='bbox 868 1139 1060 1213; x_wconf 87' lang='lat' dir='ltr'>secundum</span> <span class='ocrx_word' id='word_1_70' title='bbox 1081 1142 1122 1213; x_wconf 90' lang='lat' dir='ltr'>li·</span> 
     </span>
     <span class='ocr_line' id='line_1_11' title="bbox 61 1236 1187 1333; baseline 0 -26"><span class='ocrx_word' id='word_1_71' title='bbox 61 1249 189 1313; x_wconf 87' lang='lat' dir='ltr'>teram.</span> <span class='ocrx_word' id='word_1_72' title='bbox 254 1239 388 1311; x_wconf 82' lang='lat' dir='ltr'>Nullus</span> <span class='ocrx_word' id='word_1_73' title='bbox 414 1242 509 1311; x_wconf 89' lang='lat' dir='ltr'>eninr</span> <span class='ocrx_word' id='word_1_74' title='bbox 532 1241 718 1313; x_wconf 87' lang='lat' dir='ltr'>hominum</span> <span class='ocrx_word' id='word_1_75' title='bbox 745 1236 865 1333; x_wconf 89' lang='lat' dir='ltr'>potest</span> <span class='ocrx_word' id='word_1_76' title='bbox 890 1252 969 1311; x_wconf 89' lang='lat' dir='ltr'>tota</span> <span class='ocrx_word' id='word_1_77' title='bbox 990 1240 1046 1313; x_wconf 84' lang='lat' dir='ltr'>die</span> <span class='ocrx_word' id='word_1_78' title='bbox 1072 1242 1123 1313; x_wconf 89' lang='lat' dir='ltr'>ita</span> <span class='ocrx_word' id='word_1_79' title='bbox 1181 1286 1187 1307; x_wconf 81' lang='grc'>.</span> 
     </span>
     <span class='ocr_line' id='line_1_12' title="bbox 61 1332 1122 1430; baseline 0.005 -21"><span class='ocrx_word' id='word_1_80' title='bbox 61 1332 188 1409; x_wconf 86' lang='lat' dir='ltr'>sedere</span> <span class='ocrx_word' id='word_1_81' title='bbox 201 1349 242 1409; x_wconf 89' lang='lat' dir='ltr'>ut</span> <span class='ocrx_word' id='word_1_82' title='bbox 258 1357 332 1407; x_wconf 90' lang='lat' dir='ltr'>non</span> <span class='ocrx_word' id='word_1_83' title='bbox 352 1354 543 1409; x_wconf 86' lang='lat' dir='ltr'>moveatur</span> <span class='ocrx_word' id='word_1_84' title='bbox 561 1339 605 1410; x_wconf 93' lang='lat' dir='ltr'>de</span> <span class='ocrx_word' id='word_1_85' title='bbox 619 1340 707 1412; x_wconf 88' lang='lat' dir='ltr'>ioco</span> <span class='ocrx_word' id='word_1_86' title='bbox 721 1340 756 1409; x_wconf 88' lang='lat' dir='ltr'>in</span> <span class='ocrx_word' id='word_1_87' title='bbox 780 1358 856 1430; x_wconf 93' lang='lat' dir='ltr'>quo</span> <span class='ocrx_word' id='word_1_88' title='bbox 876 1334 1013 1411; x_wconf 86' lang='lat' dir='ltr'>sederit.</span> <span class='ocrx_word' id='word_1_89' title='bbox 1062 1338 1122 1415; x_wconf 87' lang='lat' dir='ltr'>De</span> 
     </span>
     <span class='ocr_line' id='line_1_13' title="bbox 62 1433 1120 1531; baseline 0.003 -26"><span class='ocrx_word' id='word_1_90' title='bbox 62 1436 193 1524; x_wconf 78' lang='lat' dir='ltr'>quibua</span> <span class='ocrx_word' id='word_1_91' title='bbox 210 1433 349 1530; x_wconf 76' lang='lat' dir='ltr'>singulis</span> <span class='ocrx_word' id='word_1_92' title='bbox 371 1437 406 1508; x_wconf 90' lang='lat' dir='ltr'>bi</span> <span class='ocrx_word' id='word_1_93' title='bbox 427 1439 567 1527; x_wconf 89' lang='lat' dir='ltr'>quidem</span> <span class='ocrx_word' id='word_1_94' title='bbox 585 1440 644 1527; x_wconf 90' lang='lat' dir='ltr'>qui</span> <span class='ocrx_word' id='word_1_95' title='bbox 669 1459 714 1510; x_wconf 88' lang='lat' dir='ltr'>ex</span> <span class='ocrx_word' id='word_1_96' title='bbox 728 1436 1001 1511; x_wconf 75' lang='lat' dir='ltr'>circumcisione</span> <span class='ocrx_word' id='word_1_97' title='bbox 1016 1435 1120 1531; x_wconf 85' lang='lat' dir='ltr'>sunt,</span> 
     </span>
     <span class='ocr_line' id='line_1_14' title="bbox 61 1532 1122 1627; baseline 0.008 -22"><span class='ocrx_word' id='word_1_98' title='bbox 61 1532 326 1623; x_wconf 76' lang='lat' dir='ltr'>&amp;quicumque</span> <span class='ocrx_word' id='word_1_99' title='bbox 344 1538 379 1607; x_wconf 93' lang='lat' dir='ltr'>in</span> <span class='ocrx_word' id='word_1_100' title='bbox 400 1533 578 1627; x_wconf 85' lang='lat' dir='ltr'>scripturis</span> <span class='ocrx_word' id='word_1_101' title='bbox 596 1535 719 1610; x_wconf 72' lang='lat' dir='ltr'>santus</span> <span class='ocrx_word' id='word_1_102' title='bbox 734 1538 824 1609; x_wconf 87' lang='lat' dir='ltr'>nihil</span> <span class='ocrx_word' id='word_1_103' title='bbox 846 1536 996 1625; x_wconf 79' lang='lat' dir='ltr'>amplius</span> <span class='ocrx_word' id='word_1_104' title='bbox 1016 1537 1122 1613; x_wconf 79' lang='lat' dir='ltr'>intel·</span> 
     </span>
     <span class='ocr_line' id='line_1_15' title="bbox 59 1634 1120 1728; baseline 0.002 -21"><span class='ocrx_word' id='word_1_105' title='bbox 59 1634 122 1728; x_wconf 82' lang='lat' dir='ltr'>ligi</span> <span class='ocrx_word' id='word_1_106' title='bbox 144 1636 276 1705; x_wconf 89' lang='lat' dir='ltr'>volunt</span> <span class='ocrx_word' id='word_1_107' title='bbox 294 1649 421 1727; x_wconf 72' lang='lat' dir='ltr'>praeter</span> <span class='ocrx_word' id='word_1_108' title='bbox 443 1648 547 1725; x_wconf 89' lang='lat' dir='ltr'>quam</span> <span class='ocrx_word' id='word_1_109' title='bbox 565 1637 741 1707; x_wconf 88' lang='lat' dir='ltr'>indicatur</span> <span class='ocrx_word' id='word_1_110' title='bbox 757 1657 802 1709; x_wconf 85' lang='lat' dir='ltr'>ex</span> <span class='ocrx_word' id='word_1_111' title='bbox 824 1635 949 1723; x_wconf 84' lang='lat' dir='ltr'>litera,</span> <span class='ocrx_word' id='word_1_112' title='bbox 972 1634 1051 1709; x_wconf 79' lang='lat' dir='ltr'>hec</span> <span class='ocrx_word' id='word_1_113' title='bbox 1071 1656 1120 1708; x_wconf 90' lang='lat' dir='ltr'>ne</span> 
     </span>
     <span class='ocr_line' id='line_1_16' title="bbox 58 1732 1120 1827; baseline 0.002 -22"><span class='ocrx_word' id='word_1_114' title='bbox 58 1733 273 1820; x_wconf 86' lang='lat' dir='ltr'>requirenda</span> <span class='ocrx_word' id='word_1_115' title='bbox 305 1735 447 1824; x_wconf 90' lang='lat' dir='ltr'>quidem</span> <span class='ocrx_word' id='word_1_116' title='bbox 479 1737 693 1807; x_wconf 84' lang='lat' dir='ltr'>arbitrantur</span> <span class='ocrx_word' id='word_1_117' title='bbox 726 1734 771 1807; x_wconf 89' lang='lat' dir='ltr'>de</span> <span class='ocrx_word' id='word_1_118' title='bbox 798 1732 1049 1827; x_wconf 84' lang='lat' dir='ltr'>Trageiapho,</span> <span class='ocrx_word' id='word_1_119' title='bbox 1084 1733 1120 1807; x_wconf 71' lang='lat' dir='ltr'>br</span> 
     </span>
     <span class='ocr_line' id='line_1_17' title="bbox 58 1827 1202 1923; baseline 0.002 -20"><span class='ocrx_word' id='word_1_120' title='bbox 58 1827 237 1920; x_wconf 80' lang='lat' dir='ltr'>Grypbo,</span> <span class='ocrx_word' id='word_1_121' title='bbox 264 1831 481 1905; x_wconf 74' lang='lat' dir='ltr'>&amp;ruiturez</span> <span class='ocrx_word' id='word_1_122' title='bbox 507 1832 645 1907; x_wconf 79' lang='lat' dir='ltr'>fabulas</span> <span class='ocrx_word' id='word_1_123' title='bbox 665 1846 785 1907; x_wconf 90' lang='lat' dir='ltr'>autem</span> <span class='ocrx_word' id='word_1_124' title='bbox 808 1831 976 1922; x_wconf 89' lang='lat' dir='ltr'>quasdam</span> <span class='ocrx_word' id='word_1_125' title='bbox 991 1836 1119 1907; x_wconf 87' lang='lat' dir='ltr'>inanes</span> <span class='ocrx_word' id='word_1_126' title='bbox 1199 1914 1202 1923; x_wconf 54' lang='grc'>,</span> 
     </span>
     <span class='ocr_line' id='line_1_18' title="bbox 60 1928 1119 2029; baseline 0 -26"><span class='ocrx_word' id='word_1_127' title='bbox 60 1928 259 2003; x_wconf 80' lang='lat' dir='ltr'>&amp;frivolas</span> <span class='ocrx_word' id='word_1_128' title='bbox 279 1944 589 2020; x_wconf 79' lang='lat' dir='ltr'>commentantur,</span> <span class='ocrx_word' id='word_1_129' title='bbox 616 1953 661 2004; x_wconf 85' lang='lat' dir='ltr'>ex</span> <span class='ocrx_word' id='word_1_130' title='bbox 678 1930 799 2005; x_wconf 90' lang='lat' dir='ltr'>nescio</span> <span class='ocrx_word' id='word_1_131' title='bbox 814 1930 942 2022; x_wconf 83' lang='lat' dir='ltr'>quibus</span> <span class='ocrx_word' id='word_1_132' title='bbox 957 1931 1119 2029; x_wconf 78' lang='lat' dir='ltr'>traditio·</span> 
     </span>
     <span class='ocr_line' id='line_1_19' title="bbox 59 2028 1118 2121; baseline 0.001 -19"><span class='ocrx_word' id='word_1_133' title='bbox 59 2028 167 2113; x_wconf 77' lang='lat' dir='ltr'>nibus</span> <span class='ocrx_word' id='word_1_134' title='bbox 193 2029 420 2121; x_wconf 73' lang='lat' dir='ltr'>proferentes</span> <span class='ocrx_word' id='word_1_135' title='bbox 453 2032 499 2104; x_wconf 92' lang='lat' dir='ltr'>de</span> <span class='ocrx_word' id='word_1_136' title='bbox 524 2028 692 2120; x_wconf 88' lang='lat' dir='ltr'>sabbato,</span> <span class='ocrx_word' id='word_1_137' title='bbox 727 2031 890 2103; x_wconf 89' lang='lat' dir='ltr'>dicentes</span> <span class='ocrx_word' id='word_1_138' title='bbox 921 2030 1118 2121; x_wconf 84' lang='lat' dir='ltr'>unicuique</span> 
     </span>
     <span class='ocr_line' id='line_1_20' title="bbox 55 2125 1119 2222; baseline 0.002 -19"><span class='ocrx_word' id='word_1_139' title='bbox 55 2129 185 2203; x_wconf 88' lang='lat' dir='ltr'>locum</span> <span class='ocrx_word' id='word_1_140' title='bbox 200 2125 297 2201; x_wconf 89' lang='lat' dir='ltr'>suum</span> <span class='ocrx_word' id='word_1_141' title='bbox 316 2131 472 2222; x_wconf 90' lang='lat' dir='ltr'>reputari</span> <span class='ocrx_word' id='word_1_142' title='bbox 490 2132 583 2203; x_wconf 90' lang='lat' dir='ltr'>intra</span> <span class='ocrx_word' id='word_1_143' title='bbox 603 2129 677 2202; x_wconf 90' lang='lat' dir='ltr'>duo</span> <span class='ocrx_word' id='word_1_144' title='bbox 693 2130 804 2205; x_wconf 80' lang='lat' dir='ltr'>ninia</span> <span class='ocrx_word' id='word_1_145' title='bbox 820 2130 993 2203; x_wconf 88' lang='lat' dir='ltr'>ulnarum.</span> <span class='ocrx_word' id='word_1_146' title='bbox 1042 2126 1119 2205; x_wconf 85' lang='lat' dir='ltr'>Alii</span> 
     </span>
     <span class='ocr_line' id='line_1_21' title="bbox 57 2227 1117 2319; baseline 0.001 -19"><span class='ocrx_word' id='word_1_147' title='bbox 57 2247 153 2300; x_wconf 94' lang='lat' dir='ltr'>vero</span> <span class='ocrx_word' id='word_1_148' title='bbox 182 2229 376 2319; x_wconf 85' lang='lat' dir='ltr'>exquibus</span> <span class='ocrx_word' id='word_1_149' title='bbox 400 2227 451 2303; x_wconf 85' lang='lat' dir='ltr'>est</span> <span class='ocrx_word' id='word_1_150' title='bbox 475 2227 670 2302; x_wconf 85' lang='lat' dir='ltr'>Dosrtheus</span> <span class='ocrx_word' id='word_1_151' title='bbox 697 2227 959 2317; x_wconf 78' lang='lat' dir='ltr'>Samaritanus,</span> <span class='ocrx_word' id='word_1_152' title='bbox 984 2236 1117 2301; x_wconf 87' lang='lat' dir='ltr'>notant</span> 
     </span>
     <span class='ocr_line' id='line_1_22' title="bbox 56 2325 1119 2422; baseline 0.004 -25"><span class='ocrx_word' id='word_1_153' title='bbox 56 2326 204 2419; x_wconf 88' lang='lat' dir='ltr'>quidem</span> <span class='ocrx_word' id='word_1_154' title='bbox 219 2327 467 2417; x_wconf 87' lang='lat' dir='ltr'>hujuscemodi</span> <span class='ocrx_word' id='word_1_155' title='bbox 483 2328 751 2422; x_wconf 79' lang='lat' dir='ltr'>expositiones,</span> <span class='ocrx_word' id='word_1_156' title='bbox 776 2325 840 2419; x_wconf 77' lang='lat' dir='ltr'>ipsi</span> <span class='ocrx_word' id='word_1_157' title='bbox 853 2338 972 2399; x_wconf 88' lang='lat' dir='ltr'>autenr</span> <span class='ocrx_word' id='word_1_158' title='bbox 989 2325 1119 2401; x_wconf 87' lang='lat' dir='ltr'>ridicu·</span> 
     </span>
     <span class='ocr_line' id='line_1_23' title="bbox 56 2424 1117 2518; baseline -0.003 -19"><span class='ocrx_word' id='word_1_159' title='bbox 56 2424 168 2499; x_wconf 87' lang='lat' dir='ltr'>losrus</span> <span class='ocrx_word' id='word_1_160' title='bbox 181 2426 311 2515; x_wconf 87' lang='lat' dir='ltr'>aliquid</span> <span class='ocrx_word' id='word_1_161' title='bbox 324 2425 503 2518; x_wconf 86' lang='lat' dir='ltr'>statuunt,</span> <span class='ocrx_word' id='word_1_162' title='bbox 530 2428 611 2516; x_wconf 92' lang='lat' dir='ltr'>quia</span> <span class='ocrx_word' id='word_1_163' title='bbox 625 2446 717 2500; x_wconf 82' lang='lat' dir='ltr'>uuus</span> <span class='ocrx_word' id='word_1_164' title='bbox 743 2426 870 2517; x_wconf 85' lang='lat' dir='ltr'>uisque</span> <span class='ocrx_word' id='word_1_165' title='bbox 885 2445 960 2514; x_wconf 89' lang='lat' dir='ltr'>quo</span> <span class='ocrx_word' id='word_1_166' title='bbox 976 2426 1117 2518; x_wconf 87' lang='lat' dir='ltr'>habitu,</span> 
     </span>
     <span class='ocr_line' id='line_1_24' title="bbox 55 2523 1117 2619; baseline 0.002 -24"><span class='ocrx_word' id='word_1_167' title='bbox 55 2546 134 2617; x_wconf 90' lang='lat' dir='ltr'>quo</span> <span class='ocrx_word' id='word_1_168' title='bbox 152 2526 263 2614; x_wconf 90' lang='lat' dir='ltr'>loco,</span> <span class='ocrx_word' id='word_1_169' title='bbox 289 2546 357 2615; x_wconf 88' lang='lat' dir='ltr'>qua</span> <span class='ocrx_word' id='word_1_170' title='bbox 374 2525 555 2619; x_wconf 80' lang='lat' dir='ltr'>positione</span> <span class='ocrx_word' id='word_1_171' title='bbox 571 2527 607 2598; x_wconf 90' lang='lat' dir='ltr'>in</span> <span class='ocrx_word' id='word_1_172' title='bbox 627 2527 685 2598; x_wconf 86' lang='lat' dir='ltr'>die</span> <span class='ocrx_word' id='word_1_173' title='bbox 704 2525 737 2599; x_wconf 83' lang='lat' dir='ltr'>sa</span> <span class='ocrx_word' id='word_1_174' title='bbox 764 2524 838 2596; x_wconf 90' lang='lat' dir='ltr'>bati</span> <span class='ocrx_word' id='word_1_175' title='bbox 858 2523 970 2597; x_wconf 73' lang='lat' dir='ltr'>fuerit</span> <span class='ocrx_word' id='word_1_176' title='bbox 988 2524 1117 2611; x_wconf 74' lang='lat' dir='ltr'>invem·</span> 
     </span>
     <span class='ocr_line' id='line_1_25' title="bbox 55 2620 1116 2717; baseline 0.003 -20"><span class='ocrx_word' id='word_1_177' title='bbox 55 2641 135 2707; x_wconf 86' lang='lat' dir='ltr'>tus,</span> <span class='ocrx_word' id='word_1_178' title='bbox 160 2625 209 2696; x_wconf 88' lang='lat' dir='ltr'>ita</span> <span class='ocrx_word' id='word_1_179' title='bbox 230 2621 338 2713; x_wconf 85' lang='lat' dir='ltr'>usque</span> <span class='ocrx_word' id='word_1_180' title='bbox 356 2624 399 2696; x_wconf 92' lang='lat' dir='ltr'>ad</span> <span class='ocrx_word' id='word_1_181' title='bbox 413 2622 596 2717; x_wconf 85' lang='lat' dir='ltr'>vesperam</span> <span class='ocrx_word' id='word_1_182' title='bbox 611 2624 742 2697; x_wconf 90' lang='lat' dir='ltr'>debeat</span> <span class='ocrx_word' id='word_1_183' title='bbox 756 2642 987 2717; x_wconf 85' lang='lat' dir='ltr'>permanere,</span> <span class='ocrx_word' id='word_1_184' title='bbox 1012 2622 1050 2697; x_wconf 88' lang='lat' dir='ltr'>id</span> <span class='ocrx_word' id='word_1_185' title='bbox 1064 2620 1116 2701; x_wconf 83' lang='lat' dir='ltr'>est</span> 
     </span>
     <span class='ocr_line' id='line_1_26' title="bbox 54 2720 1117 2816; baseline -0.003 -15"><span class='ocrx_word' id='word_1_186' title='bbox 54 2720 163 2801; x_wconf 79' lang='lat' dir='ltr'>uelit</span> <span class='ocrx_word' id='word_1_187' title='bbox 184 2720 331 2816; x_wconf 80' lang='lat' dir='ltr'>sedens,</span> <span class='ocrx_word' id='word_1_188' title='bbox 356 2738 398 2798; x_wconf 88' lang='lat' dir='ltr'>ut</span> <span class='ocrx_word' id='word_1_189' title='bbox 418 2722 539 2798; x_wconf 88' lang='lat' dir='ltr'>sedeat</span> <span class='ocrx_word' id='word_1_190' title='bbox 560 2736 640 2797; x_wconf 82' lang='lat' dir='ltr'>tota</span> <span class='ocrx_word' id='word_1_191' title='bbox 659 2723 739 2798; x_wconf 84' lang='lat' dir='ltr'>die:</span> <span class='ocrx_word' id='word_1_192' title='bbox 766 2723 826 2797; x_wconf 91' lang='lat' dir='ltr'>vel</span> <span class='ocrx_word' id='word_1_193' title='bbox 850 2721 876 2797; x_wconf 84' lang='lat' dir='ltr'>fi</span> <span class='ocrx_word' id='word_1_194' title='bbox 893 2724 1039 2815; x_wconf 82' lang='lat' dir='ltr'>jacens,</span> <span class='ocrx_word' id='word_1_195' title='bbox 1072 2733 1117 2799; x_wconf 82' lang='lat' dir='ltr'>ut</span> 
     </span>
     <span class='ocr_line' id='line_1_27' title="bbox 983 2831 1066 2895; baseline 0.024 -2"><span class='ocrx_word' id='word_1_196' title='bbox 983 2831 1066 2895; x_wconf 69' lang='lat' dir='ltr'>tota</span> 
     </span>
    </p>
   </div>
   <div class='ocr_carea' id='block_1_3' title="bbox 222 2954 900 3059">
    <p class='ocr_par' dir='ltr' id='par_1_3' title="bbox 222 2954 900 3059">
     <span class='ocr_line' id='line_1_28' title="bbox 222 2954 900 3059; baseline 0.006 -4"><span class='ocrx_word' id='word_1_197' title='bbox 222 2954 227 2967; x_wconf 55' lang='grc'><em>’</em></span> <span class='ocrx_word' id='word_1_198' title='bbox 278 2980 706 3057; x_wconf 73' lang='lat' dir='ltr'>lurnurunrnrro</span> <span class='ocrx_word' id='word_1_199' title='bbox 750 3000 900 3059; x_wconf 79' lang='lat' dir='ltr'>uovr.</span> 
     </span>
    </p>
   </div>
   <div class='ocr_carea' id='block_1_4' title="bbox 54 3116 1179 3811">
    <p class='ocr_par' dir='ltr' id='par_1_4' title="bbox 54 3116 1179 3811">
     <span class='ocr_line' id='line_1_29' title="bbox 54 3116 1116 3213; baseline -0.002 -16"><span class='ocrx_word' id='word_1_200' title='bbox 54 3132 134 3197; x_wconf 88' lang='lat' dir='ltr'>tum</span> <span class='ocrx_word' id='word_1_201' title='bbox 154 3119 276 3195; x_wconf 90' lang='lat' dir='ltr'>sedere</span> <span class='ocrx_word' id='word_1_202' title='bbox 290 3136 407 3213; x_wconf 86' lang='lat' dir='ltr'>queat.</span> <span class='ocrx_word' id='word_1_203' title='bbox 456 3119 547 3195; x_wconf 88' lang='lat' dir='ltr'>Eam</span> <span class='ocrx_word' id='word_1_204' title='bbox 560 3124 609 3193; x_wconf 95' lang='lat' dir='ltr'>ob</span> <span class='ocrx_word' id='word_1_205' title='bbox 629 3142 705 3193; x_wconf 88' lang='lat' dir='ltr'>rem</span> <span class='ocrx_word' id='word_1_206' title='bbox 719 3120 779 3212; x_wconf 92' lang='lat' dir='ltr'>qui</span> <span class='ocrx_word' id='word_1_207' title='bbox 791 3120 835 3193; x_wconf 91' lang='lat' dir='ltr'>de</span> <span class='ocrx_word' id='word_1_208' title='bbox 847 3116 1116 3197; x_wconf 75' lang='lat' dir='ltr'>circumcisione</span> 
     </span>
     <span class='ocr_line' id='line_1_30' title="bbox 54 3212 1178 3313; baseline -0.004 -16"><span class='ocrx_word' id='word_1_209' title='bbox 54 3220 159 3313; x_wconf 89' lang='lat' dir='ltr'>sunt,</span> <span class='ocrx_word' id='word_1_210' title='bbox 186 3221 299 3313; x_wconf 87' lang='lat' dir='ltr'>&amp;qui</span> <span class='ocrx_word' id='word_1_211' title='bbox 321 3221 406 3293; x_wconf 89' lang='lat' dir='ltr'>nihil</span> <span class='ocrx_word' id='word_1_212' title='bbox 420 3219 482 3292; x_wconf 80' lang='lat' dir='ltr'>nist</span> <span class='ocrx_word' id='word_1_213' title='bbox 502 3218 599 3310; x_wconf 91' lang='lat' dir='ltr'>quod</span> <span class='ocrx_word' id='word_1_214' title='bbox 613 3219 717 3293; x_wconf 86' lang='lat' dir='ltr'>litera</span> <span class='ocrx_word' id='word_1_215' title='bbox 732 3219 849 3312; x_wconf 83' lang='lat' dir='ltr'>praese</span> <span class='ocrx_word' id='word_1_216' title='bbox 869 3217 962 3310; x_wconf 86' lang='lat' dir='ltr'>fert,</span> <span class='ocrx_word' id='word_1_217' title='bbox 987 3212 1115 3313; x_wconf 82' lang='lat' dir='ltr'>fignifi·</span> <span class='ocrx_word' id='word_1_218' title='bbox 1175 3268 1178 3273; x_wconf 32' lang='lat' dir='ltr'>r</span> 
     </span>
     <span class='ocr_line' id='line_1_31' title="bbox 57 3316 1115 3414; baseline 0.001 -22"><span class='ocrx_word' id='word_1_219' title='bbox 57 3321 131 3393; x_wconf 87' lang='lat' dir='ltr'>cari</span> <span class='ocrx_word' id='word_1_220' title='bbox 150 3323 306 3414; x_wconf 87' lang='lat' dir='ltr'>volunt,</span> <span class='ocrx_word' id='word_1_221' title='bbox 326 3319 370 3393; x_wconf 90' lang='lat' dir='ltr'>de</span> <span class='ocrx_word' id='word_1_222' title='bbox 388 3320 567 3392; x_wconf 87' lang='lat' dir='ltr'>nonnullis</span> <span class='ocrx_word' id='word_1_223' title='bbox 584 3340 631 3393; x_wconf 85' lang='lat' dir='ltr'>ne</span> <span class='ocrx_word' id='word_1_224' title='bbox 645 3321 829 3409; x_wconf 87' lang='lat' dir='ltr'>inquirunt</span> <span class='ocrx_word' id='word_1_225' title='bbox 847 3316 1115 3412; x_wconf 61' lang='lat' dir='ltr'>quidem-puta</span> 
     </span>
     <span class='ocr_line' id='line_1_32' title="bbox 54 3414 1179 3533; baseline -0.007 -40"><span class='ocrx_word' id='word_1_226' title='bbox 54 3418 284 3533; x_wconf 74' lang='lat' dir='ltr'>Tragelnpbq</span> <span class='ocrx_word' id='word_1_227' title='bbox 296 3472 313 3533; x_wconf 30' lang='lat'>,⁸</span> <span class='ocrx_word' id='word_1_228' title='bbox 331 3418 481 3530; x_wconf 77' lang='lat' dir='ltr'>Gryplre</span> <span class='ocrx_word' id='word_1_229' title='bbox 502 3418 719 3531; x_wconf 67' lang='lat' dir='ltr'>btvulture3</span> <span class='ocrx_word' id='word_1_230' title='bbox 747 3417 791 3493; x_wconf 93' lang='lat' dir='ltr'>de</span> <span class='ocrx_word' id='word_1_231' title='bbox 810 3414 980 3507; x_wconf 84' lang='lat' dir='ltr'>aliquibus</span> <span class='ocrx_word' id='word_1_232' title='bbox 997 3436 1112 3493; x_wconf 76' lang='lat' dir='ltr'>meran</span> <span class='ocrx_word' id='word_1_233' title='bbox 1176 3480 1179 3485; x_wconf 89' lang='lat'><em>.</em></span> 
     </span>
     <span class='ocr_line' id='line_1_33' title="bbox 54 3514 1112 3713; baseline -0.002 -24"><span class='ocrx_word' id='word_1_234' title='bbox 54 3516 810 3709; x_wconf 55' lang='lat' dir='ltr'>biturigibusiiiirtssitfiir</span> <span class='ocrx_word' id='word_1_235' title='bbox 824 3514 1112 3713; x_wconf 56' lang='lat' dir='ltr'>iiiiii}</span> 
     </span>
     <span class='ocr_line' id='line_1_34' title="bbox 54 3712 1111 3811; baseline -0.005 -21"><span class='ocrx_word' id='word_1_236' title='bbox 54 3712 209 3791; x_wconf 84' lang='lat' dir='ltr'>finitum.</span> <span class='ocrx_word' id='word_1_237' title='bbox 234 3716 309 3791; x_wconf 88' lang='lat' dir='ltr'>Alii</span> <span class='ocrx_word' id='word_1_238' title='bbox 324 3739 414 3811; x_wconf 87' lang='lat' dir='ltr'>quos</span> <span class='ocrx_word' id='word_1_239' title='bbox 427 3719 521 3789; x_wconf 89' lang='lat' dir='ltr'>inter</span> <span class='ocrx_word' id='word_1_240' title='bbox 543 3716 593 3793; x_wconf 91' lang='lat' dir='ltr'>est</span> <span class='ocrx_word' id='word_1_241' title='bbox 608 3716 803 3795; x_wconf 81' lang='lat' dir='ltr'>Dofitueus</span> <span class='ocrx_word' id='word_1_242' title='bbox 818 3712 1025 3808; x_wconf 78' lang='lat' dir='ltr'>Samareua,</span> <span class='ocrx_word' id='word_1_243' title='bbox 1051 3734 1111 3785; x_wconf 79' lang='lat' dir='ltr'>ex·</span> 
     </span>
    </p>
   </div>
   <div class='ocr_carea' id='block_1_5' title="bbox 54 3806 1111 3919">
    <p class='ocr_par' dir='ltr' id='par_1_5' title="bbox 54 3806 1111 3919">
     <span class='ocr_line' id='line_1_35' title="bbox 54 3806 1111 3919; baseline 0.01 -26"><span class='ocrx_word' id='word_1_244' title='bbox 54 3806 159 3919; x_wconf 81' lang='lat' dir='ltr'>piosa</span> <span class='ocrx_word' id='word_1_245' title='bbox 176 3816 352 3917; x_wconf 79' lang='lat' dir='ltr'>ejusmodi</span> <span class='ocrx_word' id='word_1_246' title='bbox 379 3815 631 3917; x_wconf 83' lang='lat' dir='ltr'>expofitione,</span> <span class='ocrx_word' id='word_1_247' title='bbox 658 3814 900 3913; x_wconf 78' lang='lat' dir='ltr'>arbitrantur,</span> <span class='ocrx_word' id='word_1_248' title='bbox 925 3834 999 3915; x_wconf 77' lang='lat' dir='ltr'>quo</span> <span class='ocrx_word' id='word_1_249' title='bbox 1018 3811 1111 3904; x_wconf 65' lang='lat' dir='ltr'>quib</span> 
     </span>
    </p>
   </div>
   <div class='ocr_carea' id='block_1_6' title="bbox 459 3912 1085 4029">
    <p class='ocr_par' dir='ltr' id='par_1_6' title="bbox 459 3912 1085 4029">
     <span class='ocr_line' id='line_1_36' title="bbox 459 3912 1085 4029; baseline 0.013 -26"><span class='ocrx_word' id='word_1_250' title='bbox 459 3988 466 4005; x_wconf 25' lang='lat' dir='ltr'>t</span> <span class='ocrx_word' id='word_1_251' title='bbox 554 3912 640 4029; x_wconf 65' lang='lat' dir='ltr'>Za</span> <span class='ocrx_word' id='word_1_252' title='bbox 1004 3930 1085 4011; x_wconf 46' lang='lat' dir='ltr'>ub</span> 
     </span>
    </p>
   </div>
   <div class='ocr_carea' id='block_1_7' title="bbox 0 0 1254 4254">
    <p class='ocr_par' dir='ltr' id='par_1_7' title="bbox 0 0 1254 4254">
     <span class='ocr_line' id='line_1_37' title="bbox 0 0 1254 4254; baseline 0 4"><span class='ocrx_word' id='word_1_253' title='bbox 0 0 1254 4254; x_wconf 95' lang='lat' dir='ltr'> </span> 
     </span>
    </p>
   </div>
  </div>
 </body>
</html>
