<?xml version="1.0" encoding="UTF-8"?>
<!DOCTYPE html PUBLIC "-//W3C//DTD XHTML 1.0 Transitional//EN"
    "http://www.w3.org/TR/xhtml1/DTD/xhtml1-transitional.dtd">
<html xmlns="http://www.w3.org/1999/xhtml" xml:lang="en" lang="en">
 <head>
  <title>
</title>
<meta http-equiv="Content-Type" content="text/html;charset=utf-8" />
  <meta name='ocr-system' content='tesseract 3.04.00' />
  <meta name='ocr-capabilities' content='ocr_page ocr_carea ocr_par ocr_line ocrx_word'/>
</head>
<body>
  <div class='ocr_page' id='page_1' title='image "./operaomniasanct08unkngoog_0115.png"; bbox 0 0 2498 4254; ppageno 0'>
   <div class='ocr_carea' id='block_1_1' title="bbox 212 202 1087 330">
    <p class='ocr_par' dir='ltr' id='par_1_1' title="bbox 212 202 1087 330">
     <span class='ocr_line' id='line_1_1' title="bbox 212 202 1087 330; baseline 0 -35"><span class='ocrx_word' id='word_1_1' title='bbox 212 208 310 330; x_wconf 30' lang='lat' dir='ltr'><strong>nu„</strong></span> <span class='ocrx_word' id='word_1_2' title='bbox 340 202 681 313; x_wconf 75' lang='lat' dir='ltr'><strong>relucteris,</strong></span> <span class='ocrx_word' id='word_1_3' title='bbox 730 206 905 295; x_wconf 80' lang='lat' dir='ltr'><strong>mnu</strong></span> <span class='ocrx_word' id='word_1_4' title='bbox 1038 232 1087 315; x_wconf 79' lang='lat' dir='ltr'><strong>pt</strong></span> 
     </span>
    </p>
   </div>
   <div class='ocr_carea' id='block_1_2' title="bbox 58 372 1156 3450">
    <p class='ocr_par' dir='ltr' id='par_1_2' title="bbox 58 372 1156 3377">
     <span class='ocr_line' id='line_1_2' title="bbox 100 372 1091 475; baseline 0.001 -22"><span class='ocrx_word' id='word_1_5' title='bbox 100 395 137 456; x_wconf 82' lang='lat'><strong>2.</strong></span> <span class='ocrx_word' id='word_1_6' title='bbox 166 372 330 475; x_wconf 79' lang='lat' dir='ltr'><strong>mergo</strong></span> <span class='ocrx_word' id='word_1_7' title='bbox 356 374 573 453; x_wconf 88' lang='lat' dir='ltr'><strong>manifestius</strong></span> <span class='ocrx_word' id='word_1_8' title='bbox 602 391 771 475; x_wconf 85' lang='lat' dir='ltr'>appareat</span> <span class='ocrx_word' id='word_1_9' title='bbox 793 392 913 452; x_wconf 89' lang='lat' dir='ltr'><strong>utrum</strong></span> <span class='ocrx_word' id='word_1_10' title='bbox 939 376 1091 454; x_wconf 76' lang='lat' dir='ltr'><strong>materie</strong></span> 
     </span>
     <span class='ocr_line' id='line_1_3' title="bbox 58 476 1091 573; baseline -0.002 -18"><span class='ocrx_word' id='word_1_11' title='bbox 58 478 230 573; x_wconf 77' lang='lat' dir='ltr'><strong>crporalis</strong></span> <span class='ocrx_word' id='word_1_12' title='bbox 247 498 313 572; x_wconf 89' lang='lat' dir='ltr'><strong>per</strong></span> <span class='ocrx_word' id='word_1_13' title='bbox 329 478 519 552; x_wconf 86' lang='lat' dir='ltr'><strong>intervalla</strong></span> <span class='ocrx_word' id='word_1_14' title='bbox 540 477 723 567; x_wconf 80' lang='lat' dir='ltr'><strong>subsistat,</strong></span> <span class='ocrx_word' id='word_1_15' title='bbox 759 479 793 553; x_wconf 73' lang='grc' dir='ltr'><strong>δι</strong></span> <span class='ocrx_word' id='word_1_16' title='bbox 811 479 902 553; x_wconf 79' lang='lat' dir='ltr'><strong>sicut</strong></span> <span class='ocrx_word' id='word_1_17' title='bbox 919 498 995 552; x_wconf 90' lang='lat' dir='ltr'><strong>non</strong></span> <span class='ocrx_word' id='word_1_18' title='bbox 1020 476 1091 553; x_wconf 84' lang='lat' dir='ltr'><strong>fuit</strong></span> 
     </span>
     <span class='ocr_line' id='line_1_4' title="bbox 58 572 1090 673; baseline 0.001 -20"><span class='ocrx_word' id='word_1_19' title='bbox 58 590 217 673; x_wconf 84' lang='lat' dir='ltr'><strong>rtequarn</strong></span> <span class='ocrx_word' id='word_1_20' title='bbox 232 574 358 673; x_wconf 84' lang='lat' dir='ltr'><strong>fieret,</strong></span> <span class='ocrx_word' id='word_1_21' title='bbox 384 577 724 653; x_wconf 87' lang='lat' dir='ltr'><strong>iterumresolvatur</strong></span> <span class='ocrx_word' id='word_1_22' title='bbox 736 592 867 658; x_wconf 89' lang='lat' dir='ltr'><strong>utnon</strong></span> <span class='ocrx_word' id='word_1_23' title='bbox 881 579 941 654; x_wconf 82' lang='lat' dir='ltr'><strong>stt:</strong></span> <span class='ocrx_word' id='word_1_24' title='bbox 967 572 1090 654; x_wconf 77' lang='lat' dir='ltr'><strong>videa-</strong></span> 
     </span>
     <span class='ocr_line' id='line_1_5' title="bbox 58 670 1090 775; baseline -0.002 -22"><span class='ocrx_word' id='word_1_25' title='bbox 58 700 104 753; x_wconf 83' lang='lat' dir='ltr'><strong>tus</strong></span> <span class='ocrx_word' id='word_1_26' title='bbox 113 676 300 773; x_wconf 89' lang='lat' dir='ltr'><strong>primumfi</strong></span> <span class='ocrx_word' id='word_1_27' title='bbox 313 674 524 774; x_wconf 89' lang='lat' dir='ltr'><strong>fieri&#39;potest</strong></span> <span class='ocrx_word' id='word_1_28' title='bbox 539 692 581 751; x_wconf 91' lang='lat' dir='ltr'><strong>ut</strong></span> <span class='ocrx_word' id='word_1_29' title='bbox 592 678 694 752; x_wconf 85' lang='lat' dir='ltr'><strong>vivat</strong></span> <span class='ocrx_word' id='word_1_30' title='bbox 702 679 825 771; x_wconf 91' lang='lat' dir='ltr'><strong>aliquis</strong></span> <span class='ocrx_word' id='word_1_31' title='bbox 838 677 910 752; x_wconf 86' lang='lat' dir='ltr'><strong>line</strong></span> <span class='ocrx_word' id='word_1_32' title='bbox 919 670 1090 775; x_wconf 59' lang='lat' dir='ltr'><strong>corpore.</strong></span> 
     </span>
     <span class='ocr_line' id='line_1_6' title="bbox 58 774 1103 877; baseline -0.002 -24"><span class='ocrx_word' id='word_1_33' title='bbox 58 780 182 853; x_wconf 86' lang='lat' dir='ltr'><strong>ienim</strong></span> <span class='ocrx_word' id='word_1_34' title='bbox 202 778 325 871; x_wconf 86' lang='lat' dir='ltr'><strong>aliquis</strong></span> <span class='ocrx_word' id='word_1_35' title='bbox 346 776 468 871; x_wconf 91' lang='lat' dir='ltr'><strong>potest</strong></span> <span class='ocrx_word' id='word_1_36' title='bbox 483 780 610 851; x_wconf 88' lang='lat' dir='ltr'><strong>vivere</strong></span> <span class='ocrx_word' id='word_1_37' title='bbox 630 778 702 853; x_wconf 82' lang='lat' dir='ltr'><strong>sine</strong></span> <span class='ocrx_word' id='word_1_38' title='bbox 723 798 900 873; x_wconf 90' lang='lat' dir='ltr'><strong>corpore,</strong></span> <span class='ocrx_word' id='word_1_39' title='bbox 920 776 982 877; x_wconf 79' lang='lat'><strong>(*)</strong></span> <span class='ocrx_word' id='word_1_40' title='bbox 1011 774 1103 871; x_wconf 84' lang='lat' dir='ltr'><strong>pos·-</strong></span> 
     </span>
     <span class='ocr_line' id='line_1_7' title="bbox 58 876 1093 973; baseline 0.004 -20"><span class='ocrx_word' id='word_1_41' title='bbox 58 891 108 953; x_wconf 88' lang='lat' dir='ltr'><strong>mt</strong></span> <span class='ocrx_word' id='word_1_42' title='bbox 124 878 159 952; x_wconf 79' lang='lat' dir='ltr'><strong>dr</strong></span> <span class='ocrx_word' id='word_1_43' title='bbox 176 880 296 953; x_wconf 89' lang='lat' dir='ltr'><strong>omnia</strong></span> <span class='ocrx_word' id='word_1_44' title='bbox 308 876 459 953; x_wconf 77' lang='lat' dir='ltr'><strong>essetne</strong></span> <span class='ocrx_word' id='word_1_45' title='bbox 477 897 652 973; x_wconf 90' lang='lat' dir='ltr'><strong>corpore:</strong></span> <span class='ocrx_word' id='word_1_46' title='bbox 679 880 800 953; x_wconf 82' lang='lat' dir='ltr'><strong>orturia</strong></span> <span class='ocrx_word' id='word_1_47' title='bbox 813 879 906 953; x_wconf 87' lang='lat' dir='ltr'><strong>enirn</strong></span> <span class='ocrx_word' id='word_1_48' title='bbox 920 878 964 951; x_wconf 89' lang='lat' dir='ltr'><strong>ad</strong></span> <span class='ocrx_word' id='word_1_49' title='bbox 979 898 1093 957; x_wconf 85' lang='lat' dir='ltr'><strong>unum</strong></span> 
     </span>
     <span class='ocr_line' id='line_1_8' title="bbox 58 975 1093 1073; baseline -0.001 -20"><span class='ocrx_word' id='word_1_50' title='bbox 58 1001 138 1053; x_wconf 90' lang='lat' dir='ltr'><strong>nem</strong></span> <span class='ocrx_word' id='word_1_51' title='bbox 163 978 315 1053; x_wconf 87' lang='lat' dir='ltr'><strong>tendere</strong></span> <span class='ocrx_word' id='word_1_52' title='bbox 334 975 497 1073; x_wconf 85' lang='lat' dir='ltr'>superior</span> <span class='ocrx_word' id='word_1_53' title='bbox 518 978 686 1053; x_wconf 75' lang='lat' dir='ltr'><strong>tradatur</strong></span> <span class='ocrx_word' id='word_1_54' title='bbox 706 979 865 1055; x_wconf 88' lang='lat' dir='ltr'><strong>edocuit.</strong></span> <span class='ocrx_word' id='word_1_55' title='bbox 915 978 951 1051; x_wconf 93' lang='lat' dir='ltr'><strong>Si</strong></span> <span class='ocrx_word' id='word_1_56' title='bbox 972 993 1093 1052; x_wconf 87' lang='lat' dir='ltr'><strong>autern</strong></span> 
     </span>
     <span class='ocr_line' id='line_1_9' title="bbox 58 1076 1093 1173; baseline -0.004 -19"><span class='ocrx_word' id='word_1_57' title='bbox 58 1080 151 1154; x_wconf 87' lang='lat' dir='ltr'><strong>mnia</strong></span> <span class='ocrx_word' id='word_1_58' title='bbox 160 1076 306 1173; x_wconf 76' lang='lat' dir='ltr'><strong>poliunt</strong></span> <span class='ocrx_word' id='word_1_59' title='bbox 317 1098 438 1153; x_wconf 89' lang='lat' dir='ltr'><strong>carere</strong></span> <span class='ocrx_word' id='word_1_60' title='bbox 450 1080 691 1173; x_wconf 84' lang='lat' dir='ltr'><strong>corporibus,</strong></span> <span class='ocrx_word' id='word_1_61' title='bbox 718 1079 790 1154; x_wconf 87' lang='lat' dir='ltr'><strong>fine</strong></span> <span class='ocrx_word' id='word_1_62' title='bbox 806 1080 916 1153; x_wconf 90' lang='lat' dir='ltr'><strong>dubio</strong></span> <span class='ocrx_word' id='word_1_63' title='bbox 930 1100 1006 1152; x_wconf 93' lang='lat' dir='ltr'><strong>non</strong></span> <span class='ocrx_word' id='word_1_64' title='bbox 1023 1080 1093 1151; x_wconf 86' lang='lat' dir='ltr'><strong>etit</strong></span> 
     </span>
     <span class='ocr_line' id='line_1_10' title="bbox 58 1171 1094 1272; baseline -0.004 -21"><span class='ocrx_word' id='word_1_65' title='bbox 58 1171 219 1253; x_wconf 83' lang='lat' dir='ltr'><strong>tbstantia</strong></span> <span class='ocrx_word' id='word_1_66' title='bbox 236 1179 457 1272; x_wconf 89' lang='lat' dir='ltr'><strong>corporalis,</strong></span> <span class='ocrx_word' id='word_1_67' title='bbox 490 1180 590 1272; x_wconf 85' lang='lat' dir='ltr'><strong>cujus</strong></span> <span class='ocrx_word' id='word_1_68' title='bbox 608 1178 689 1253; x_wconf 90' lang='lat' dir='ltr'><strong>usus</strong></span> <span class='ocrx_word' id='word_1_69' title='bbox 709 1181 826 1252; x_wconf 89' lang='lat' dir='ltr'><strong>nullus</strong></span> <span class='ocrx_word' id='word_1_70' title='bbox 854 1177 990 1255; x_wconf 86' lang='lat' dir='ltr'><strong>existet.</strong></span> <span class='ocrx_word' id='word_1_71' title='bbox 1042 1176 1094 1248; x_wconf 85' lang='lat' dir='ltr'><strong>Et</strong></span> 
     </span>
     <span class='ocr_line' id='line_1_11' title="bbox 58 1276 1092 1375; baseline 0.001 -24"><span class='ocrx_word' id='word_1_72' title='bbox 58 1278 218 1375; x_wconf 84' lang='lat' dir='ltr'><strong>uomodo</strong></span> <span class='ocrx_word' id='word_1_73' title='bbox 232 1276 422 1353; x_wconf 86' lang='lat' dir='ltr'><strong>sentiemus</strong></span> <span class='ocrx_word' id='word_1_74' title='bbox 438 1279 525 1351; x_wconf 93' lang='lat' dir='ltr'><strong>illud</strong></span> <span class='ocrx_word' id='word_1_75' title='bbox 545 1278 643 1371; x_wconf 93' lang='lat' dir='ltr'><strong>quod</strong></span> <span class='ocrx_word' id='word_1_76' title='bbox 661 1280 751 1353; x_wconf 84' lang='lat' dir='ltr'><strong>dixit</strong></span> <span class='ocrx_word' id='word_1_77' title='bbox 770 1278 969 1373; x_wconf 82' lang='lat' dir='ltr'><strong>Apostolus</strong></span> <span class='ocrx_word' id='word_1_78' title='bbox 984 1279 1022 1351; x_wconf 92' lang='lat' dir='ltr'><strong>in</strong></span> <span class='ocrx_word' id='word_1_79' title='bbox 1036 1278 1092 1352; x_wconf 83' lang='lat' dir='ltr'><strong>his</strong></span> 
     </span>
     <span class='ocr_line' id='line_1_12' title="bbox 58 1375 1094 1473; baseline -0.002 -22"><span class='ocrx_word' id='word_1_80' title='bbox 58 1375 120 1451; x_wconf 81' lang='lat' dir='ltr'><strong>&gt;cis</strong></span> <span class='ocrx_word' id='word_1_81' title='bbox 141 1378 180 1451; x_wconf 93' lang='lat' dir='ltr'><strong>in</strong></span> <span class='ocrx_word' id='word_1_82' title='bbox 199 1380 324 1471; x_wconf 88' lang='lat' dir='ltr'><strong>quibus</strong></span> <span class='ocrx_word' id='word_1_83' title='bbox 344 1378 389 1453; x_wconf 87' lang='lat' dir='ltr'><strong>de</strong></span> <span class='ocrx_word' id='word_1_84' title='bbox 407 1377 665 1455; x_wconf 74' lang='lat' dir='ltr'><strong>ressurectione</strong></span> <span class='ocrx_word' id='word_1_85' title='bbox 681 1379 835 1473; x_wconf 89' lang='lat' dir='ltr'><strong>disputat</strong></span> <span class='ocrx_word' id='word_1_86' title='bbox 847 1393 1094 1471; x_wconf 86' lang='lat' dir='ltr'><strong>mortuorum,</strong></span> 
     </span>
     <span class='ocr_line' id='line_1_13' title="bbox 58 1476 1097 1577; baseline -0.007 -24"><span class='ocrx_word' id='word_1_87' title='bbox 58 1498 115 1553; x_wconf 80' lang='lat' dir='ltr'><strong>um</strong></span> <span class='ocrx_word' id='word_1_88' title='bbox 133 1478 200 1551; x_wconf 82' lang='lat' dir='ltr'><strong>ait:</strong></span> <span class='ocrx_word' id='word_1_89' title='bbox 227 1476 350 1573; x_wconf 75' lang='lat' dir='ltr'><strong>Mceffc</strong></span> <span class='ocrx_word' id='word_1_90' title='bbox 372 1478 413 1577; x_wconf 67' lang='grc' dir='ltr'><strong>ιβ</strong></span> <span class='ocrx_word' id='word_1_91' title='bbox 433 1498 537 1551; x_wconf 85' lang='lat' dir='ltr'><strong>cutem</strong></span> <span class='ocrx_word' id='word_1_92' title='bbox 557 1483 759 1577; x_wconf 73' lang='lat' dir='ltr'><strong>corruptibile</strong></span> <span class='ocrx_word' id='word_1_93' title='bbox 773 1482 829 1551; x_wconf 85' lang='lat' dir='ltr'><strong>lmc</strong></span> <span class='ocrx_word' id='word_1_94' title='bbox 846 1484 975 1550; x_wconf 83' lang='lat' dir='ltr'><strong>iuduere</strong></span> <span class='ocrx_word' id='word_1_95' title='bbox 991 1485 1097 1550; x_wconf 80' lang='lat' dir='ltr'><strong>inccr-</strong></span> 
     </span>
     <span class='ocr_line' id='line_1_14' title="bbox 58 1577 1095 1677; baseline 0.001 -30"><span class='ocrx_word' id='word_1_96' title='bbox 58 1582 233 1677; x_wconf 83' lang='lat' dir='ltr'><strong>uptionem,</strong></span> <span class='ocrx_word' id='word_1_97' title='bbox 259 1577 299 1657; x_wconf 70' lang='grc' dir='ltr'><em>σ</em></span> <span class='ocrx_word' id='word_1_98' title='bbox 315 1580 444 1651; x_wconf 76' lang='lat' dir='ltr'><strong>mortale</strong></span> <span class='ocrx_word' id='word_1_99' title='bbox 463 1580 518 1651; x_wconf 77' lang='lat' dir='ltr'><strong>mc</strong></span> <span class='ocrx_word' id='word_1_100' title='bbox 532 1583 662 1654; x_wconf 81' lang='lat' dir='ltr'><strong>iuduere</strong></span> <span class='ocrx_word' id='word_1_101' title='bbox 676 1579 961 1655; x_wconf 82' lang='lat' dir='ltr'><strong>immortalitatem.</strong></span> <span class='ocrx_word' id='word_1_102' title='bbox 1015 1582 1095 1650; x_wconf 87' lang='lat' dir='ltr'><strong>Cum</strong></span> 
     </span>
     <span class='ocr_line' id='line_1_15' title="bbox 58 1677 1098 1779; baseline -0.001 -30"><span class='ocrx_word' id='word_1_103' title='bbox 58 1696 136 1751; x_wconf 83' lang='lat' dir='ltr'><strong>rtem</strong></span> <span class='ocrx_word' id='word_1_104' title='bbox 155 1680 360 1777; x_wconf 81' lang='lat' dir='ltr'><strong>corruptibile</strong></span> <span class='ocrx_word' id='word_1_105' title='bbox 374 1682 431 1751; x_wconf 83' lang='lat' dir='ltr'><strong>leuc</strong></span> <span class='ocrx_word' id='word_1_106' title='bbox 446 1682 589 1753; x_wconf 83' lang='lat' dir='ltr'><strong>induerit</strong></span> <span class='ocrx_word' id='word_1_107' title='bbox 603 1685 885 1779; x_wconf 82' lang='lat' dir='ltr'><strong>imorrupticmcm,</strong></span> <span class='ocrx_word' id='word_1_108' title='bbox 911 1678 952 1759; x_wconf 66' lang='lat'><strong>(5</strong></span> <span class='ocrx_word' id='word_1_109' title='bbox 965 1677 1098 1751; x_wconf 84' lang='lat' dir='ltr'><strong>mortale</strong></span> 
     </span>
     <span class='ocr_line' id='line_1_16' title="bbox 58 1781 1096 1878; baseline -0.005 -27"><span class='ocrx_word' id='word_1_110' title='bbox 58 1782 250 1851; x_wconf 77' lang='lat' dir='ltr'><strong>reinduerit</strong></span> <span class='ocrx_word' id='word_1_111' title='bbox 273 1781 568 1871; x_wconf 78' lang='lat' dir='ltr'><strong>immortalitatem,</strong></span> <span class='ocrx_word' id='word_1_112' title='bbox 604 1797 681 1855; x_wconf 83' lang='lat' dir='ltr'><strong>tumr</strong></span> <span class='ocrx_word' id='word_1_113' title='bbox 692 1784 758 1875; x_wconf 73' lang='lat' dir='ltr'><strong>fiet</strong></span> <span class='ocrx_word' id='word_1_114' title='bbox 772 1782 872 1872; x_wconf 86' lang='lat' dir='ltr'><strong>sermo</strong></span> <span class='ocrx_word' id='word_1_115' title='bbox 888 1785 944 1878; x_wconf 83' lang='lat' dir='ltr'><strong>qui</strong></span> <span class='ocrx_word' id='word_1_116' title='bbox 955 1782 1096 1876; x_wconf 83' lang='lat' dir='ltr'><strong>scriptur</strong></span> 
     </span>
     <span class='ocr_line' id='line_1_17' title="bbox 58 1877 1146 1979; baseline -0.004 -28"><span class='ocrx_word' id='word_1_117' title='bbox 58 1877 91 1951; x_wconf 74' lang='lat' dir='ltr'><strong>l:</strong></span> <span class='ocrx_word' id='word_1_118' title='bbox 116 1880 259 1977; x_wconf 80' lang='lat' dir='ltr'><strong>absorpto</strong></span> <span class='ocrx_word' id='word_1_119' title='bbox 274 1881 314 1977; x_wconf 62' lang='lat' dir='ltr'><strong>cll</strong></span> <span class='ocrx_word' id='word_1_120' title='bbox 327 1902 408 1957; x_wconf 81' lang='lat' dir='ltr'><strong>mors</strong></span> <span class='ocrx_word' id='word_1_121' title='bbox 425 1886 461 1951; x_wconf 85' lang='lat' dir='ltr'><strong>iu</strong></span> <span class='ocrx_word' id='word_1_122' title='bbox 472 1880 629 1955; x_wconf 68' lang='lat' dir='ltr'><strong>villeriis:</strong></span> <span class='ocrx_word' id='word_1_123' title='bbox 644 1883 699 1954; x_wconf 81' lang='lat' dir='ltr'><strong>ubi</strong></span> <span class='ocrx_word' id='word_1_124' title='bbox 715 1882 848 1979; x_wconf 75' lang='lat' dir='ltr'><strong>cplmcrr</strong></span> <span class='ocrx_word' id='word_1_125' title='bbox 860 1878 1000 1953; x_wconf 67' lang='lat' dir='ltr'><strong>vitiario</strong></span> <span class='ocrx_word' id='word_1_126' title='bbox 1016 1879 1096 1950; x_wconf 77' lang='lat' dir='ltr'><strong>tua?</strong></span> <span class='ocrx_word' id='word_1_127' title='bbox 1143 1971 1146 1975; x_wconf 19' lang='grc' dir='ltr'>Ι</span> 
     </span>
     <span class='ocr_line' id='line_1_18' title="bbox 58 1978 1099 2079; baseline -0.005 -27"><span class='ocrx_word' id='word_1_128' title='bbox 58 1978 203 2079; x_wconf 78' lang='lat' dir='ltr'><strong>llsorptus</strong></span> <span class='ocrx_word' id='word_1_129' title='bbox 220 1980 260 2079; x_wconf 67' lang='lat' dir='ltr'><strong>cll</strong></span> <span class='ocrx_word' id='word_1_130' title='bbox 274 2004 357 2055; x_wconf 89' lang='lat' dir='ltr'><strong>mors</strong></span> <span class='ocrx_word' id='word_1_131' title='bbox 373 1984 495 2054; x_wconf 80' lang='lat' dir='ltr'><strong>eculeus</strong></span> <span class='ocrx_word' id='word_1_132' title='bbox 513 1999 613 2070; x_wconf 83' lang='lat' dir='ltr'><strong>tuus,</strong></span> <span class='ocrx_word' id='word_1_133' title='bbox 638 1985 760 2055; x_wconf 83' lang='lat' dir='ltr'><strong>aculeus</strong></span> <span class='ocrx_word' id='word_1_134' title='bbox 779 2000 885 2053; x_wconf 84' lang='lat' dir='ltr'><strong>cutem</strong></span> <span class='ocrx_word' id='word_1_135' title='bbox 905 1984 1014 2048; x_wconf 78' lang='lat' dir='ltr'><strong>retortis</strong></span> <span class='ocrx_word' id='word_1_136' title='bbox 1033 2000 1099 2070; x_wconf 81' lang='lat' dir='ltr'><strong>pec·</strong></span> 
     </span>
     <span class='ocr_line' id='line_1_19' title="bbox 58 2076 1156 2180; baseline -0.001 -28"><span class='ocrx_word' id='word_1_137' title='bbox 58 2098 156 2159; x_wconf 85' lang='lat' dir='ltr'><strong>etum,</strong></span> <span class='ocrx_word' id='word_1_138' title='bbox 181 2084 294 2152; x_wconf 83' lang='lat' dir='ltr'><strong>virtus</strong></span> <span class='ocrx_word' id='word_1_139' title='bbox 310 2096 413 2153; x_wconf 83' lang='lat' dir='ltr'><strong>autem</strong></span> <span class='ocrx_word' id='word_1_140' title='bbox 427 2084 616 2177; x_wconf 83' lang='lat' dir='ltr'><strong>peccatilex.</strong></span> <span class='ocrx_word' id='word_1_141' title='bbox 665 2080 793 2157; x_wconf 86' lang='lat' dir='ltr'><strong>Talem</strong></span> <span class='ocrx_word' id='word_1_142' title='bbox 807 2102 893 2180; x_wconf 86' lang='lat' dir='ltr'><strong>ergo</strong></span> <span class='ocrx_word' id='word_1_143' title='bbox 910 2076 1098 2172; x_wconf 84' lang='lat' dir='ltr'><strong>quemdam</strong></span> <span class='ocrx_word' id='word_1_144' title='bbox 1148 2116 1156 2125; x_wconf 71' lang='lat'>=</span> 
     </span>
     <span class='ocr_line' id='line_1_20' title="bbox 58 2176 1099 2283; baseline -0.003 -29"><span class='ocrx_word' id='word_1_145' title='bbox 58 2180 178 2257; x_wconf 88' lang='lat' dir='ltr'><strong>idetur</strong></span> <span class='ocrx_word' id='word_1_146' title='bbox 193 2179 395 2275; x_wconf 90' lang='lat' dir='ltr'><strong>Apostolus</strong></span> <span class='ocrx_word' id='word_1_147' title='bbox 406 2180 593 2281; x_wconf 83' lang='lat' dir='ltr'><strong>suggerere</strong></span> <span class='ocrx_word' id='word_1_148' title='bbox 606 2182 837 2259; x_wconf 73' lang='lat' dir='ltr'><strong>intelleltum.</strong></span> <span class='ocrx_word' id='word_1_149' title='bbox 873 2179 986 2283; x_wconf 88' lang='lat' dir='ltr'><strong>Quod</strong></span> <span class='ocrx_word' id='word_1_150' title='bbox 1002 2176 1099 2275; x_wconf 91' lang='lat' dir='ltr'><strong>enim</strong></span> 
     </span>
     <span class='ocr_line' id='line_1_21' title="bbox 58 2278 1098 2377; baseline -0.005 -21"><span class='ocrx_word' id='word_1_151' title='bbox 58 2282 104 2375; x_wconf 88' lang='lat' dir='ltr'><strong>it,</strong></span> <span class='ocrx_word' id='word_1_152' title='bbox 142 2282 351 2377; x_wconf 75' lang='lat' dir='ltr'><strong>corruptibile</strong></span> <span class='ocrx_word' id='word_1_153' title='bbox 375 2286 448 2370; x_wconf 76' lang='lat' dir='ltr'><strong>lucc,</strong></span> <span class='ocrx_word' id='word_1_154' title='bbox 483 2282 664 2357; x_wconf 82' lang='lat' dir='ltr'><strong>&amp;mortale</strong></span> <span class='ocrx_word' id='word_1_155' title='bbox 685 2285 765 2375; x_wconf 81' lang='lat' dir='ltr'><strong>hcc,</strong></span> <span class='ocrx_word' id='word_1_156' title='bbox 792 2282 897 2356; x_wconf 86' lang='lat' dir='ltr'><strong>velut</strong></span> <span class='ocrx_word' id='word_1_157' title='bbox 919 2278 1098 2375; x_wconf 58' lang='lat' dir='ltr'><strong>tangentis</strong></span> 
     </span>
     <span class='ocr_line' id='line_1_22' title="bbox 58 2378 1099 2476; baseline -0.004 -23"><span class='ocrx_word' id='word_1_158' title='bbox 58 2379 306 2456; x_wconf 86' lang='lat' dir='ltr'><strong>costendentis</strong></span> <span class='ocrx_word' id='word_1_159' title='bbox 329 2380 569 2476; x_wconf 60' lang='lat' dir='ltr'><strong>arceamus</strong></span> <span class='ocrx_word' id='word_1_160' title='bbox 591 2383 648 2457; x_wconf 88' lang='lat' dir='ltr'><strong>alii</strong></span> <span class='ocrx_word' id='word_1_161' title='bbox 671 2383 848 2458; x_wconf 85' lang='lat' dir='ltr'><strong>convenit</strong></span> <span class='ocrx_word' id='word_1_162' title='bbox 862 2380 926 2456; x_wconf 86' lang='lat' dir='ltr'><strong>nifi</strong></span> <span class='ocrx_word' id='word_1_163' title='bbox 941 2378 1099 2453; x_wconf 81' lang='lat' dir='ltr'><strong>materiae</strong></span> 
     </span>
     <span class='ocr_line' id='line_1_23' title="bbox 58 2480 1099 2581; baseline -0.007 -26"><span class='ocrx_word' id='word_1_164' title='bbox 58 2480 245 2575; x_wconf 74' lang='lat' dir='ltr'><strong>orporaii?</strong></span> <span class='ocrx_word' id='word_1_165' title='bbox 271 2482 359 2555; x_wconf 85' lang='lat' dir='ltr'><strong>Haec</strong></span> <span class='ocrx_word' id='word_1_166' title='bbox 376 2504 463 2579; x_wconf 87' lang='lat' dir='ltr'><strong>ergo</strong></span> <span class='ocrx_word' id='word_1_167' title='bbox 477 2486 626 2558; x_wconf 89' lang='lat' dir='ltr'><strong>materia</strong></span> <span class='ocrx_word' id='word_1_168' title='bbox 639 2484 1004 2581; x_wconf 84' lang='lat' dir='ltr'><strong>corporisquaenunc</strong></span> <span class='ocrx_word' id='word_1_169' title='bbox 1018 2486 1099 2552; x_wconf 89' lang='lat' dir='ltr'><strong>cor·</strong></span> 
     </span>
     <span class='ocr_line' id='line_1_24' title="bbox 58 2574 1101 2677; baseline -0.007 -22"><span class='ocrx_word' id='word_1_170' title='bbox 58 2580 212 2677; x_wconf 90' lang='lat' dir='ltr'><strong>uptibilis</strong></span> <span class='ocrx_word' id='word_1_171' title='bbox 231 2580 305 2677; x_wconf 86' lang='lat' dir='ltr'><strong>est,</strong></span> <span class='ocrx_word' id='word_1_172' title='bbox 330 2582 457 2657; x_wconf 92' lang='lat' dir='ltr'><strong>induet</strong></span> <span class='ocrx_word' id='word_1_173' title='bbox 475 2584 814 2677; x_wconf 86' lang='lat' dir='ltr'><strong>incorruptionem,</strong></span> <span class='ocrx_word' id='word_1_174' title='bbox 841 2602 923 2655; x_wconf 82' lang='lat' dir='ltr'><strong>erun</strong></span> <span class='ocrx_word' id='word_1_175' title='bbox 939 2574 1101 2672; x_wconf 68' lang='lat' dir='ltr'><strong>perfetis</strong></span> 
     </span>
     <span class='ocr_line' id='line_1_25' title="bbox 58 2678 1099 2779; baseline -0.003 -24"><span class='ocrx_word' id='word_1_176' title='bbox 58 2682 172 2774; x_wconf 89' lang='lat' dir='ltr'><strong>nima,</strong></span> <span class='ocrx_word' id='word_1_177' title='bbox 201 2678 477 2779; x_wconf 84' lang='lat' dir='ltr'><strong>&amp;dogmatibus</strong></span> <span class='ocrx_word' id='word_1_178' title='bbox 496 2682 780 2776; x_wconf 90' lang='lat' dir='ltr'><strong>incorruptionis</strong></span> <span class='ocrx_word' id='word_1_179' title='bbox 799 2678 964 2755; x_wconf 72' lang='lat' dir='ltr'><strong>instrutia</strong></span> <span class='ocrx_word' id='word_1_180' title='bbox 979 2678 1034 2751; x_wconf 91' lang='lat' dir='ltr'><strong>uti</strong></span> <span class='ocrx_word' id='word_1_181' title='bbox 1052 2696 1099 2753; x_wconf 82' lang='lat' dir='ltr'><strong>eo</strong></span> 
     </span>
     <span class='ocr_line' id='line_1_26' title="bbox 58 2777 1102 2877; baseline -0.007 -24"><span class='ocrx_word' id='word_1_182' title='bbox 58 2780 195 2877; x_wconf 83' lang='lat' dir='ltr'><strong>reperit.</strong></span> <span class='ocrx_word' id='word_1_183' title='bbox 253 2777 302 2853; x_wconf 86' lang='lat' dir='ltr'><strong>Et</strong></span> <span class='ocrx_word' id='word_1_184' title='bbox 314 2784 405 2855; x_wconf 90' lang='lat' dir='ltr'><strong>nolo</strong></span> <span class='ocrx_word' id='word_1_185' title='bbox 426 2782 564 2855; x_wconf 89' lang='lat' dir='ltr'><strong>mireris</strong></span> <span class='ocrx_word' id='word_1_186' title='bbox 586 2784 612 2857; x_wconf 84' lang='lat' dir='ltr'><strong>ti</strong></span> <span class='ocrx_word' id='word_1_187' title='bbox 632 2784 736 2863; x_wconf 84' lang='lat' dir='ltr'><strong>velut</strong></span> <span class='ocrx_word' id='word_1_188' title='bbox 750 2782 999 2857; x_wconf 89' lang='lat' dir='ltr'><strong>indumentum</strong></span> <span class='ocrx_word' id='word_1_189' title='bbox 1020 2793 1102 2849; x_wconf 88' lang='lat' dir='ltr'><strong>cor·</strong></span> 
     </span>
     <span class='ocr_line' id='line_1_27' title="bbox 61 2878 1101 2977; baseline -0.009 -22"><span class='ocrx_word' id='word_1_190' title='bbox 61 2881 134 2955; x_wconf 88' lang='lat' dir='ltr'><strong>oris</strong></span> <span class='ocrx_word' id='word_1_191' title='bbox 155 2878 348 2975; x_wconf 68' lang='lat' dir='ltr'><strong>perfectam</strong></span> <span class='ocrx_word' id='word_1_192' title='bbox 371 2882 520 2957; x_wconf 87' lang='lat' dir='ltr'><strong>animam</strong></span> <span class='ocrx_word' id='word_1_193' title='bbox 545 2880 718 2977; x_wconf 87' lang='lat' dir='ltr'><strong>dicimus,</strong></span> <span class='ocrx_word' id='word_1_194' title='bbox 745 2902 822 2974; x_wconf 86' lang='lat' dir='ltr'><strong>quae</strong></span> <span class='ocrx_word' id='word_1_195' title='bbox 845 2888 997 2974; x_wconf 85' lang='lat' dir='ltr'><strong>propter</strong></span> <span class='ocrx_word' id='word_1_196' title='bbox 1019 2894 1101 2947; x_wconf 84' lang='lat' dir='ltr'><strong>ver·</strong></span> 
     </span>
     <span class='ocr_line' id='line_1_28' title="bbox 58 2972 1099 3074; baseline -0.008 -21"><span class='ocrx_word' id='word_1_197' title='bbox 58 3000 120 3054; x_wconf 90' lang='lat' dir='ltr'><strong>um</strong></span> <span class='ocrx_word' id='word_1_198' title='bbox 140 2978 211 3053; x_wconf 91' lang='lat' dir='ltr'><strong>Dei</strong></span> <span class='ocrx_word' id='word_1_199' title='bbox 234 2976 491 3074; x_wconf 87' lang='lat' dir='ltr'><strong>&amp;sapientiam</strong></span> <span class='ocrx_word' id='word_1_200' title='bbox 517 2982 593 3074; x_wconf 86' lang='lat' dir='ltr'><strong>ejus</strong></span> <span class='ocrx_word' id='word_1_201' title='bbox 613 3000 711 3056; x_wconf 91' lang='lat' dir='ltr'><strong>nunc</strong></span> <span class='ocrx_word' id='word_1_202' title='bbox 733 2977 962 3071; x_wconf 90' lang='lat' dir='ltr'><strong>incorruptio</strong></span> <span class='ocrx_word' id='word_1_203' title='bbox 984 2972 1099 3049; x_wconf 87' lang='lat' dir='ltr'><strong>nomi·</strong></span> 
     </span>
     <span class='ocr_line' id='line_1_29' title="bbox 58 3078 1102 3173; baseline -0.008 -21"><span class='ocrx_word' id='word_1_204' title='bbox 58 3093 161 3153; x_wconf 87' lang='lat' dir='ltr'><strong>atur:</strong></span> <span class='ocrx_word' id='word_1_205' title='bbox 188 3100 272 3153; x_wconf 85' lang='lat' dir='ltr'><strong>cunr</strong></span> <span class='ocrx_word' id='word_1_206' title='bbox 293 3078 366 3172; x_wconf 83' lang='lat' dir='ltr'><strong>ipsc</strong></span> <span class='ocrx_word' id='word_1_207' title='bbox 387 3080 513 3173; x_wconf 88' lang='lat' dir='ltr'><strong>utique</strong></span> <span class='ocrx_word' id='word_1_208' title='bbox 540 3080 601 3173; x_wconf 89' lang='lat' dir='ltr'><strong>qui</strong></span> <span class='ocrx_word' id='word_1_209' title='bbox 624 3080 676 3153; x_wconf 87' lang='lat' dir='ltr'><strong>cst</strong></span> <span class='ocrx_word' id='word_1_210' title='bbox 694 3080 875 3157; x_wconf 90' lang='lat' dir='ltr'><strong>Dominus</strong></span> <span class='ocrx_word' id='word_1_211' title='bbox 897 3078 931 3151; x_wconf 67' lang='grc' dir='ltr'><strong>ἃ</strong></span> <span class='ocrx_word' id='word_1_212' title='bbox 957 3086 1102 3146; x_wconf 89' lang='lat' dir='ltr'><strong>creator</strong></span> 
     </span>
     <span class='ocr_line' id='line_1_30' title="bbox 58 3172 1100 3274; baseline -0.007 -21"><span class='ocrx_word' id='word_1_213' title='bbox 58 3180 158 3253; x_wconf 86' lang='lat' dir='ltr'><strong>uimae</strong></span> <span class='ocrx_word' id='word_1_214' title='bbox 174 3176 274 3274; x_wconf 86' lang='lat' dir='ltr'><strong>Jesus</strong></span> <span class='ocrx_word' id='word_1_215' title='bbox 290 3176 708 3255; x_wconf 79' lang='lat' dir='ltr'><strong>Christusindumentum</strong></span> <span class='ocrx_word' id='word_1_216' title='bbox 721 3180 844 3256; x_wconf 70' lang='lat' dir='ltr'><strong>sanctis</strong></span> <span class='ocrx_word' id='word_1_217' title='bbox 865 3172 933 3249; x_wconf 76' lang='lat' dir='ltr'><strong>css‘e</strong></span> <span class='ocrx_word' id='word_1_218' title='bbox 947 3174 1100 3265; x_wconf 89' lang='lat' dir='ltr'><strong>dicatur,</strong></span> 
     </span>
     <span class='ocr_line' id='line_1_31' title="bbox 58 3274 1105 3377; baseline -0.012 -21"><span class='ocrx_word' id='word_1_219' title='bbox 58 3294 126 3357; x_wconf 75' lang='lat' dir='ltr'><strong>‚cut</strong></span> <span class='ocrx_word' id='word_1_220' title='bbox 150 3274 353 3376; x_wconf 87' lang='lat' dir='ltr'><strong>Apostolus</strong></span> <span class='ocrx_word' id='word_1_221' title='bbox 385 3278 495 3355; x_wconf 83' lang='lat' dir='ltr'><strong>dicit:</strong></span> <span class='ocrx_word' id='word_1_222' title='bbox 530 3280 661 3354; x_wconf 83' lang='lat' dir='ltr'><strong>Iuluite</strong></span> <span class='ocrx_word' id='word_1_223' title='bbox 692 3307 749 3354; x_wconf 84' lang='lat' dir='ltr'><strong>ves</strong></span> <span class='ocrx_word' id='word_1_224' title='bbox 777 3283 953 3353; x_wconf 64' lang='lat' dir='ltr'><strong>Dominum</strong></span> <span class='ocrx_word' id='word_1_225' title='bbox 992 3278 1105 3377; x_wconf 41' lang='lat' dir='ltr'><strong>Jes&#39;u&#39;m</strong></span> 
     </span>
    </p>

    <p class='ocr_par' dir='ltr' id='par_1_3' title="bbox 953 3380 1048 3450">
     <span class='ocr_line' id='line_1_32' title="bbox 953 3380 1048 3450; baseline -0.042 0"><span class='ocrx_word' id='word_1_226' title='bbox 953 3380 1048 3450; x_wconf 79' lang='lat' dir='ltr'><strong>Cleri·</strong></span> 
     </span>
    </p>
   </div>
   <div class='ocr_carea' id='block_1_3' title="bbox 57 3573 1107 4079">
    <p class='ocr_par' dir='ltr' id='par_1_4' title="bbox 57 3573 1107 4079">
     <span class='ocr_line' id='line_1_33' title="bbox 111 3573 1105 3679; baseline -0.006 -28"><span class='ocrx_word' id='word_1_227' title='bbox 111 3578 167 3673; x_wconf 62' lang='lat'>(¹³)</span> <span class='ocrx_word' id='word_1_228' title='bbox 195 3581 237 3651; x_wconf 91' lang='lat' dir='ltr'><strong>Si</strong></span> <span class='ocrx_word' id='word_1_229' title='bbox 250 3584 372 3666; x_wconf 83' lang='lat' dir='ltr'><strong>emmiu,</strong></span> <span class='ocrx_word' id='word_1_230' title='bbox 390 3596 428 3651; x_wconf 87' lang='lat' dir='ltr'><strong>ut</strong></span> <span class='ocrx_word' id='word_1_231' title='bbox 442 3578 503 3678; x_wconf 80' lang='lat' dir='ltr'><strong>ipse</strong></span> <span class='ocrx_word' id='word_1_232' title='bbox 517 3578 746 3679; x_wconf 71' lang='lat' dir='ltr'><strong>disputationis</strong></span> <span class='ocrx_word' id='word_1_233' title='bbox 762 3578 834 3650; x_wconf 86' lang='lat' dir='ltr'><strong>erdo</strong></span> <span class='ocrx_word' id='word_1_234' title='bbox 849 3576 1023 3675; x_wconf 85' lang='lat' dir='ltr'><strong>compellit,</strong></span> <span class='ocrx_word' id='word_1_235' title='bbox 1035 3573 1105 3666; x_wconf 74' lang='lat' dir='ltr'><strong>firm</strong></span> 
     </span>
     <span class='ocr_line' id='line_1_34' title="bbox 58 3670 1107 3777; baseline -0.003 -25"><span class='ocrx_word' id='word_1_236' title='bbox 58 3703 157 3777; x_wconf 83' lang='lat' dir='ltr'><strong>rrporr</strong></span> <span class='ocrx_word' id='word_1_237' title='bbox 170 3685 341 3767; x_wconf 82' lang='lat' dir='ltr'><strong>vixerim,</strong></span> <span class='ocrx_word' id='word_1_238' title='bbox 359 3681 550 3768; x_wconf 85' lang='lat' dir='ltr'><strong>cmrsumetur</strong></span> <span class='ocrx_word' id='word_1_239' title='bbox 569 3678 735 3777; x_wconf 87' lang='lat' dir='ltr'><strong>corporalis</strong></span> <span class='ocrx_word' id='word_1_240' title='bbox 751 3679 900 3767; x_wconf 80' lang='lat' dir='ltr'><strong>universe</strong></span> <span class='ocrx_word' id='word_1_241' title='bbox 912 3695 1047 3763; x_wconf 78' lang='lat' dir='ltr'><strong>maturo,</strong></span> <span class='ocrx_word' id='word_1_242' title='bbox 1064 3670 1107 3749; x_wconf 70' lang='grc' dir='ltr'><strong>θ’</strong></span> 
     </span>
     <span class='ocr_line' id='line_1_35' title="bbox 57 3769 1104 3879; baseline -0.001 -28"><span class='ocrx_word' id='word_1_243' title='bbox 57 3783 194 3877; x_wconf 83' lang='lat' dir='ltr'><strong>eligetur</strong></span> <span class='ocrx_word' id='word_1_244' title='bbox 213 3786 250 3851; x_wconf 87' lang='lat' dir='ltr'><strong>im</strong></span> <span class='ocrx_word' id='word_1_245' title='bbox 274 3780 442 3869; x_wconf 84' lang='lat' dir='ltr'><strong>nihilum,</strong></span> <span class='ocrx_word' id='word_1_246' title='bbox 472 3806 543 3879; x_wconf 72' lang='lat' dir='ltr'><strong>pua</strong></span> <span class='ocrx_word' id='word_1_247' title='bbox 560 3782 729 3877; x_wconf 73' lang='lat' dir='ltr'><strong>aliquando</strong></span> <span class='ocrx_word' id='word_1_248' title='bbox 739 3777 833 3872; x_wconf 75' lang='lat' dir='ltr'><strong>folla</strong></span> <span class='ocrx_word' id='word_1_249' title='bbox 853 3778 894 3875; x_wconf 67' lang='grc' dir='ltr'><strong>ιβ</strong></span> <span class='ocrx_word' id='word_1_250' title='bbox 913 3780 949 3848; x_wconf 86' lang='lat' dir='ltr'><strong>le</strong></span> <span class='ocrx_word' id='word_1_251' title='bbox 971 3769 1104 3850; x_wconf 70' lang='lat' dir='ltr'><strong>nihilo:</strong></span> 
     </span>
     <span class='ocr_line' id='line_1_36' title="bbox 57 3868 1106 3981; baseline -0.005 -29"><span class='ocrx_word' id='word_1_252' title='bbox 57 3886 160 3981; x_wconf 82' lang='lat' dir='ltr'><strong>ritque</strong></span> <span class='ocrx_word' id='word_1_253' title='bbox 182 3898 302 3975; x_wconf 77' lang='lat' dir='ltr'><strong>tempus</strong></span> <span class='ocrx_word' id='word_1_254' title='bbox 326 3903 385 3977; x_wconf 77' lang='lat' dir='ltr'><strong>quo</strong></span> <span class='ocrx_word' id='word_1_255' title='bbox 400 3880 473 3969; x_wconf 80' lang='lat' dir='ltr'><strong>usui</strong></span> <span class='ocrx_word' id='word_1_256' title='bbox 495 3885 565 3977; x_wconf 80' lang='lat' dir='ltr'><strong>rjus</strong></span> <span class='ocrx_word' id='word_1_257' title='bbox 578 3887 695 3951; x_wconf 84' lang='lat' dir='ltr'><strong>iterum</strong></span> <span class='ocrx_word' id='word_1_258' title='bbox 712 3876 895 3978; x_wconf 71' lang='lat' dir='ltr'><strong>meceffmur</strong></span> <span class='ocrx_word' id='word_1_259' title='bbox 912 3877 969 3976; x_wconf 69' lang='lat' dir='ltr'><strong>fit.</strong></span> <span class='ocrx_word' id='word_1_260' title='bbox 1020 3868 1106 3947; x_wconf 83' lang='lat' dir='ltr'><strong>Hie·</strong></span> 
     </span>
     <span class='ocr_line' id='line_1_37' title="bbox 60 3977 750 4079; baseline 0.007 -23"><span class='ocrx_word' id='word_1_261' title='bbox 60 4001 120 4059; x_wconf 89' lang='lat' dir='ltr'><strong>on.</strong></span> <span class='ocrx_word' id='word_1_262' title='bbox 143 3984 296 4078; x_wconf 78' lang='lat' dir='ltr'><strong>interpr,</strong></span> <span class='ocrx_word' id='word_1_263' title='bbox 332 4002 378 4060; x_wconf 81' lang='lat' dir='ltr'><strong>ex</strong></span> <span class='ocrx_word' id='word_1_264' title='bbox 399 3980 501 4079; x_wconf 85' lang='lat' dir='ltr'><strong>epist.</strong></span> <span class='ocrx_word' id='word_1_265' title='bbox 519 3980 563 4057; x_wconf 85' lang='lat' dir='ltr'><strong>ad</strong></span> <span class='ocrx_word' id='word_1_266' title='bbox 584 3977 750 4061; x_wconf 75' lang='lat' dir='ltr'><strong>Avitum.</strong></span> 
     </span>
    </p>
   </div>
   <div class='ocr_carea' id='block_1_4' title="bbox 0 0 1257 4254">
    <p class='ocr_par' dir='ltr' id='par_1_5' title="bbox 0 0 1257 4254">
     <span class='ocr_line' id='line_1_38' title="bbox 0 0 1257 4254; baseline 0 0"><span class='ocrx_word' id='word_1_267' title='bbox 0 0 1257 4254; x_wconf 95' lang='lat' dir='ltr'><strong> </strong></span> 
     </span>
    </p>
   </div>
  </div>
 </body>
</html>
