2498 4254
186 170 208 223 2
329 122 332 129 '
458 76 967 218 annoanlo.

184 301 489 407 armiductorem,
503 327 582 403 naqa
596 314 780 386 κολασεως,
805 327 884 401 nipe
897 299 1143 398 tamqnam,
1167 298 1247 379 isse

182 431 292 505 σριτος
304 430 380 502 περι
391 402 604 500 aristionem·
628 400 735 489 nuti
746 396 1017 494 ὃιαβολοςκαιαὶ
1030 401 1249 487 diastemata

182 504 350 586 struunt
372 529 466 579 auru
487 529 554 589 rut
575 524 716 603 γρωφας,
730 527 948 605 §permortua
968 530 1020 599 rep
1039 503 1247 605 ἀνθρωπινῳ

184 622 288 699 'you'
312 599 364 678 ὅτι
378 629 510 699 γενητος
525 602 542 679 ὃ
560 629 683 694 aarum
695 605 914 721 mrpboeppoc
926 603 1007 677 rt’rra
1021 622 1122 702 xpers
1138 602 1246 700 ἀρξα-

17 700 20 711 .
142 698 150 711 ‘
183 726 295 801 praet·
318 699 337 779 ὃ
356 702 406 781 rr
423 730 583 805 receptat
596 728 672 802 usqi
691 713 828 789 τελους·
855 727 909 779 οτι
927 704 1022 780 &erar
1037 701 1076 775 αἱ
1093 721 1245 801 γραφαι·

181 816 303 887 amat,
338 799 431 889 ὅπως
468 794 511 879 esti
542 804 774 899 civa'ytrouanr
809 827 866 877 aur
890 827 966 879 roera
996 828 1063 885 rur
1095 823 1244 901 pquooet.

182 902 284 978 Lem
298 901 378 975 sunt
396 902 562 1000 Origenis
582 903 628 977 de
646 902 830 997 Principiis
847 902 926 975 libri
945 914 1110 994 quatuor.
1167 902 1245 977 Ho-

134 1087 139 1093 ,
178 1004 409 1097 comprimus
428 1003 471 1075 de
487 1002 611 1097 Patre,
638 1002 800 1096 utilio,
826 1002 861 1075 δι
879 1002 1012 1094 Spiritu
1027 1000 1146 1073 santio
1162 1002 1245 1098 agit.

182 1105 271 1199 Quo
287 1103 326 1175 in
334 1103 428 1176 libro
444 1103 595 1197 plurima
608 1100 808 1196 blaspheme
825 1101 965 1194 scribit,
991 1113 1056 1195 ut,
1080 1100 1208 1175 Filium
1225 1124 1247 1174 a

180 1201 287 1275 Patre
298 1200 449 1294 fanum,
469 1200 639 1296 Spiritum
655 1224 676 1275 a
690 1201 801 1276 Filio:
826 1201 1014 1275 &Patrem
1028 1200 1168 1293 quidem
1180 1220 1246 1295 per

181 1299 304 1375 omnia
321 1321 397 1392 quae
413 1301 591 1394 existunt,
613 1302 835 1396 pervadere;
860 1302 988 1376 Filium
1006 1321 1098 1373 vero
1117 1321 1181 1392 per
1203 1323 1247 1374 ea

180 1399 366 1473 dumtaxat
386 1422 462 1492 quae
483 1401 624 1475 ratione
644 1401 790 1494 praedita
808 1399 910 1488 sunt3
936 1399 1105 1494 Spiritum
1124 1414 1244 1474 autern

178 1519 245 1593 per
267 1522 310 1573 ea
332 1514 498 1592 tantum,
525 1507 602 1593 quae
620 1499 716 1573 salva
732 1499 823 1575 satta
840 1498 932 1573 strnt.
982 1497 1161 1571 Tradit&
1177 1499 1245 1573 alia

180 1597 432 1693 abstudiffima,
467 1601 729 1695 impietatisque
741 1602 871 1694 plena:
906 1597 1099 1673 animarum
1118 1598 1245 1695 migra-

178 1698 320 1792 tiones,
346 1698 380 1770 δι
396 1699 549 1773 animata
561 1700 692 1793 sidera,
716 1702 888 1793 pluraque
905 1699 941 1771 id
960 1719 1070 1793 genus
1080 1713 1245 1793 nugatur.

10 1788 14 1861 ἶ
40 1794 47 1805 ’
177 1796 299 1873 Primo
322 1798 444 1891 itaque
463 1800 558 1873 libro
578 1798 739 1873 fabulose
755 1798 886 1872 disserit
904 1798 948 1871 de
967 1797 1092 1890 Patre,
1119 1798 1176 1891 ἃ,
1201 1812 1246 1869 ut

0 1953 13 1986 ,
159 1895 441 1992 ‘ipse-appellat,
468 1899 514 1972 de
531 1898 697 1993 Christo,
721 1899 755 1971 &
774 1899 819 1972 de
834 1896 954 1972 sancto
969 1897 1136 1991 Spiritu,
1153 1894 1244 1969 insu-

176 2018 243 2090 per
269 1998 304 2071 &
326 1999 370 2073 de
392 2000 528 2073 naturis
551 2000 694 2074 ratione
712 1999 878 2093 praeditis.
937 1996 1105 2071 Secundo
1128 2016 1243 2089 vero,

8 2109 9 2122 ¹
129 2136 133 2143 ·
178 2096 225 2169 de
240 2097 405 2191 Mundo,
432 2097 606 2190 rebusque
625 2099 664 2172 in
678 2120 725 2172 eo
742 2098 921 2171 conditis:
946 2109 1118 2190 praeterea
1132 2116 1246 2168 unum

177 2194 413 2289 eumdemque
429 2196 498 2269 esse
514 2199 634 2271 Deum
648 2198 755 2293 Legis
775 2198 810 2269 δι
824 2196 1106 2290 Prophetarum:
1130 2210 1245 2269 unum

64 2288 67 2293 ’
176 2293 265 2367 item
279 2293 349 2367 esse
365 2297 501 2368 veteris
517 2297 551 2368 &
569 2298 661 2370 novi
676 2297 875 2374 testamenti
893 2296 1039 2369 Deum:
1064 2293 1108 2367 de
1122 2293 1245 2375 Salva,-

175 2394 268 2467 toris
286 2395 553 2471 incarnatione:
586 2397 738 2473 eundem
757 2396 926 2491 Spiritum
957 2397 994 2467 in
1016 2392 1174 2487 Moyse,
1208 2395 1244 2468 δι

2 2468 5 2481 ’
30 2574 34 2597 Ι
177 2492 253 2565 aliis
277 2492 490 2589 Prophetis,
525 2495 713 2588 faustisque
736 2495 925 2590 Apostolis
946 2492 1068 2567 fuisse:
1102 2493 1146 2565 ad
1165 2494 1244 2566 haec

178 2592 224 2675 de
249 2590 401 2687 Anima,
427 2595 471 2669 de
495 2594 789 2690 Resurrestione,
815 2597 860 2671 de
883 2595 997 2689 poenis
1022 2593 1055 2665 u
1080 2593 1244 2686 praemiis.

176 2689 308 2764 Tertio
330 2694 446 2780 libr0,
481 2696 527 2769 de
551 2696 687 2769 arbitrii
703 2698 896 2771 libertate:
930 2714 999 2784 qua
1013 2691 1154 2763 ratione
1170 2691 1244 2763 dia·

5 2882 8 2891 ,
40 2806 49 2819 ’·
177 2790 308 2885 bolus,
340 2795 598 2886 contrariaeque
630 2796 826 2888 potestates
857 2796 961 2887 juxta
991 2788 1242 2883 scripturarum

177 2888 375 2965 doctrinam
393 2892 558 2967 adversus
579 2897 771 2971 humanum
793 2914 904 2991 genus
928 2902 1108 2986 pugnent:
1132 2888 1244 2962 Mun·

176 2988 261 3063 dum
280 2993 367 3064 item
393 3007 513 3067 ortum
530 2995 686 3089 habere,
719 2996 754 3068 bt
772 2991 999 3084 corruptioni
1015 2989 1240 3081 obnoxium,

175 3102 379 3182 atempore
400 3092 538 3167 initium
561 3092 720 3169 sumsisse.
781 3096 924 3192 Quarto
944 3092 1061 3183 libro,
1088 3085 1240 3163 define:

176 3187 317 3263 divinas
332 3189 401 3263 esse
417 3189 627 3287 scripturas:
654 3194 807 3287 denique
828 3192 1015 3285 quomodo
1028 3189 1187 3285 iegendae
1204 3189 1241 3263 st

173 3289 413 3385 intelligendae
428 3292 506 3375 srnt.

250 3408 286 3464 2.
323 3391 377 3461 Ex
392 3392 535 3467 ,ominibus
551 3414 647 3490 porta
672 3398 817 3487 origenis
839 3394 975 3493 operibus
1007 3391 1127 3462 nullum
1142 3385 1243 3482 smffc

1 3491 3 3504 '
101 3532 104 3537 ·
173 3490 253 3583 quod
269 3492 462 3586 majoremei
512 3497 646 3565 imiuum
660 3499 820 3567 invidiam
834 3496 1022 3578 concitarit,
1047 3515 1139 3588 quam
1160 3490 1242 3587 :stud

173 3612 255 3688 περι
270 3589 411 3689 ἄρχων,
435 3608 472 3663 ut
569 3596 720 3689 conflaret
731 3600 785 3667 ves
800 3622 838 3667 ex
857 3599 915 3667 boc
931 3593 1038 3666 Pharii
1050 3591 1247 3689 testimonia„

65 3766 76 3799 ὸ
103 3770 108 3777 p
172 3704 281 3783 aperte
296 3689 428 3782 fatetur
452 3694 635 3790 Pamphilus
651 3713 776 3788 martyr
795 3701 833 3766 in
849 3696 994 3791 Apologia
1009 3693 1072 3785 sua
1087 3710 1145 3785 pra
1163 3694 1242 3761 orr-

77 3876 80 3884 ,
170 3812 270 3889 geue,
300 3790 352 3863 ubi
369 3796 446 3868 iit:
478 3792 697 3889 Incipientes,
725 3795 832 3927 igitur
855 3794 993 3872 indiciis
1027 3790 1248 3977 sffigrtffgm
