<?xml version="1.0" encoding="UTF-8"?>
<!DOCTYPE html PUBLIC "-//W3C//DTD XHTML 1.0 Transitional//EN"
    "http://www.w3.org/TR/xhtml1/DTD/xhtml1-transitional.dtd">
<html xmlns="http://www.w3.org/1999/xhtml" xml:lang="en" lang="en">
 <head>
  <title>
</title>
<meta http-equiv="Content-Type" content="text/html;charset=utf-8" />
  <meta name='ocr-system' content='tesseract 3.04.00' />
  <meta name='ocr-capabilities' content='ocr_page ocr_carea ocr_par ocr_line ocrx_word'/>
</head>
<body>
  <div class='ocr_page' id='page_1' title='image "./operaomniasanct08unkngoog_0377.png"; bbox 0 0 2498 4254; ppageno 0'>
   <div class='ocr_carea' id='block_1_1' title="bbox 248 162 1145 269">
    <p class='ocr_par' dir='ltr' id='par_1_1' title="bbox 248 162 1145 269">
     <span class='ocr_line' id='line_1_1' title="bbox 248 162 1145 269; baseline 0.001 -26"><span class='ocrx_word' id='word_1_1' title='bbox 248 162 329 243; x_wconf 86' lang='lat' dir='ltr'>nn</span> <span class='ocrx_word' id='word_1_2' title='bbox 375 162 739 261; x_wconf 68' lang='lat' dir='ltr'>parmenus,</span> <span class='ocrx_word' id='word_1_3' title='bbox 788 166 989 245; x_wconf 78' lang='lat' dir='ltr'>ararv.</span> <span class='ocrx_word' id='word_1_4' title='bbox 1076 187 1145 269; x_wconf 67' lang='lat'>345</span> 
     </span>
    </p>
   </div>
   <div class='ocr_carea' id='block_1_2' title="bbox 86 326 1212 3071">
    <p class='ocr_par' dir='ltr' id='par_1_2' title="bbox 86 326 1165 1421">
     <span class='ocr_line' id='line_1_2' title="bbox 88 326 1147 425; baseline -0.003 -19"><span class='ocrx_word' id='word_1_5' title='bbox 88 329 145 406; x_wconf 68' lang='lat' dir='ltr'>&amp;a</span> <span class='ocrx_word' id='word_1_6' title='bbox 162 326 362 423; x_wconf 89' lang='lat' dir='ltr'>suscipiunt.</span> <span class='ocrx_word' id='word_1_7' title='bbox 413 327 472 403; x_wconf 92' lang='lat' dir='ltr'>De</span> <span class='ocrx_word' id='word_1_8' title='bbox 483 329 618 421; x_wconf 87' lang='lat' dir='ltr'>reliqua</span> <span class='ocrx_word' id='word_1_9' title='bbox 632 347 724 401; x_wconf 91' lang='lat' dir='ltr'>vero</span> <span class='ocrx_word' id='word_1_10' title='bbox 741 328 925 403; x_wconf 80' lang='lat' dir='ltr'>historiast</span> <span class='ocrx_word' id='word_1_11' title='bbox 942 329 1147 425; x_wconf 80' lang='lat' dir='ltr'>requirant,</span> 
     </span>
     <span class='ocr_line' id='line_1_3' title="bbox 87 421 1146 523; baseline -0.003 -19"><span class='ocrx_word' id='word_1_12' title='bbox 87 430 196 505; x_wconf 88' lang='lat' dir='ltr'>etiam</span> <span class='ocrx_word' id='word_1_13' title='bbox 211 421 272 523; x_wconf 85' lang='lat' dir='ltr'>ilia</span> <span class='ocrx_word' id='word_1_14' title='bbox 287 451 364 522; x_wconf 83' lang='lat' dir='ltr'>qua</span> <span class='ocrx_word' id='word_1_15' title='bbox 376 430 426 502; x_wconf 91' lang='lat' dir='ltr'>ibi</span> <span class='ocrx_word' id='word_1_16' title='bbox 445 426 668 519; x_wconf 90' lang='lat' dir='ltr'>inseruntur,</span> <span class='ocrx_word' id='word_1_17' title='bbox 694 424 858 522; x_wconf 84' lang='lat' dir='ltr'>infigura</span> <span class='ocrx_word' id='word_1_18' title='bbox 874 430 942 503; x_wconf 90' lang='lat' dir='ltr'>illis</span> <span class='ocrx_word' id='word_1_19' title='bbox 960 428 1146 521; x_wconf 80' lang='lat' dir='ltr'>dequibus</span> 
     </span>
     <span class='ocr_line' id='line_1_4' title="bbox 87 526 1146 624; baseline 0.002 -23"><span class='ocrx_word' id='word_1_20' title='bbox 87 528 313 621; x_wconf 84' lang='lat' dir='ltr'>scribuntur,</span> <span class='ocrx_word' id='word_1_21' title='bbox 349 527 497 609; x_wconf 85' lang='lat' dir='ltr'>dicenda</span> <span class='ocrx_word' id='word_1_22' title='bbox 523 528 603 601; x_wconf 91' lang='lat' dir='ltr'>sunt</span> <span class='ocrx_word' id='word_1_23' title='bbox 630 526 838 624; x_wconf 86' lang='lat' dir='ltr'>contigisse:</span> <span class='ocrx_word' id='word_1_24' title='bbox 876 526 1146 603; x_wconf 78' lang='lat' dir='ltr'>observavimus</span> 
     </span>
     <span class='ocr_line' id='line_1_5' title="bbox 87 624 1147 729; baseline -0.003 -24"><span class='ocrx_word' id='word_1_25' title='bbox 87 649 157 705; x_wconf 89' lang='lat' dir='ltr'>nos</span> <span class='ocrx_word' id='word_1_26' title='bbox 178 629 285 701; x_wconf 87' lang='lat' dir='ltr'>etiam</span> <span class='ocrx_word' id='word_1_27' title='bbox 301 627 346 701; x_wconf 91' lang='lat' dir='ltr'>de</span> <span class='ocrx_word' id='word_1_28' title='bbox 364 629 438 729; x_wconf 76' lang='lat' dir='ltr'>boc</span> <span class='ocrx_word' id='word_1_29' title='bbox 456 624 585 701; x_wconf 79' lang='lat' dir='ltr'>didturn</span> <span class='ocrx_word' id='word_1_30' title='bbox 600 626 670 703; x_wconf 88' lang='lat' dir='ltr'>esse</span> <span class='ocrx_word' id='word_1_31' title='bbox 685 626 723 701; x_wconf 92' lang='lat' dir='ltr'>in</span> <span class='ocrx_word' id='word_1_32' title='bbox 740 626 888 721; x_wconf 85' lang='lat' dir='ltr'>epistola</span> <span class='ocrx_word' id='word_1_33' title='bbox 903 626 946 702; x_wconf 89' lang='lat' dir='ltr'>ad</span> <span class='ocrx_word' id='word_1_34' title='bbox 958 628 1147 703; x_wconf 85' lang='lat' dir='ltr'>Romanos</span> 
     </span>
     <span class='ocr_line' id='line_1_6' title="bbox 87 726 1148 823; baseline 0.003 -23"><span class='ocrx_word' id='word_1_35' title='bbox 87 728 152 801; x_wconf 91' lang='lat' dir='ltr'>ubi</span> <span class='ocrx_word' id='word_1_36' title='bbox 166 727 211 800; x_wconf 92' lang='lat' dir='ltr'>de</span> <span class='ocrx_word' id='word_1_37' title='bbox 225 746 419 823; x_wconf 86' lang='lat' dir='ltr'>regnorum</span> <span class='ocrx_word' id='word_1_38' title='bbox 436 728 530 799; x_wconf 90' lang='lat' dir='ltr'>libro</span> <span class='ocrx_word' id='word_1_39' title='bbox 547 727 672 822; x_wconf 88' lang='lat' dir='ltr'>tertio,</span> <span class='ocrx_word' id='word_1_40' title='bbox 698 728 804 819; x_wconf 91' lang='lat' dir='ltr'>ponit</span> <span class='ocrx_word' id='word_1_41' title='bbox 817 726 1011 822; x_wconf 85' lang='lat' dir='ltr'>Apostolus</span> <span class='ocrx_word' id='word_1_42' title='bbox 1030 749 1148 821; x_wconf 54' lang='lat' dir='ltr'>exemf</span> 
     </span>
     <span class='ocr_line' id='line_1_7' title="bbox 88 826 1149 925; baseline 0.002 -26"><span class='ocrx_word' id='word_1_43' title='bbox 88 828 188 922; x_wconf 85' lang='lat' dir='ltr'>plum</span> <span class='ocrx_word' id='word_1_44' title='bbox 204 827 350 901; x_wconf 77' lang='lat' dir='ltr'>dicenst</span> <span class='ocrx_word' id='word_1_45' title='bbox 377 826 506 924; x_wconf 77' lang='lat' dir='ltr'><em>Reliqui</em></span> <span class='ocrx_word' id='word_1_46' title='bbox 516 828 599 899; x_wconf 77' lang='lat' dir='ltr'>milri</span> <span class='ocrx_word' id='word_1_47' title='bbox 613 826 728 925; x_wconf 68' lang='lat' dir='ltr'>J&#39;aptrm</span> <span class='ocrx_word' id='word_1_48' title='bbox 742 828 841 899; x_wconf 77' lang='lat' dir='ltr'>mallia</span> <span class='ocrx_word' id='word_1_49' title='bbox 853 834 997 901; x_wconf 75' lang='lat' dir='ltr'>virorum</span> <span class='ocrx_word' id='word_1_50' title='bbox 1011 832 1069 924; x_wconf 81' lang='lat' dir='ltr'>qui</span> <span class='ocrx_word' id='word_1_51' title='bbox 1081 852 1149 901; x_wconf 78' lang='lat' dir='ltr'>mn</span> 
     </span>
     <span class='ocr_line' id='line_1_8' title="bbox 89 926 1165 1027; baseline 0 -26"><span class='ocrx_word' id='word_1_52' title='bbox 89 943 311 1001; x_wconf 81' lang='lat' dir='ltr'>curvaverunt</span> <span class='ocrx_word' id='word_1_53' title='bbox 327 952 429 1021; x_wconf 80' lang='lat' dir='ltr'>genua</span> <span class='ocrx_word' id='word_1_54' title='bbox 446 943 525 999; x_wconf 84' lang='lat' dir='ltr'>ante</span> <span class='ocrx_word' id='word_1_55' title='bbox 540 929 630 1001; x_wconf 79' lang='lat' dir='ltr'>Baas.</span> <span class='ocrx_word' id='word_1_56' title='bbox 658 927 770 1027; x_wconf 90' lang='lat' dir='ltr'>Quod</span> <span class='ocrx_word' id='word_1_57' title='bbox 789 926 917 1001; x_wconf 83' lang='lat' dir='ltr'>Paulus</span> <span class='ocrx_word' id='word_1_58' title='bbox 933 927 1072 1020; x_wconf 86' lang='lat' dir='ltr'>accepit</span> <span class='ocrx_word' id='word_1_59' title='bbox 1083 944 1165 1001; x_wconf 73' lang='grc' dir='ltr'>νει·</span> 
     </span>
     <span class='ocr_line' id='line_1_9' title="bbox 88 1022 1149 1121; baseline 0.002 -20"><span class='ocrx_word' id='word_1_60' title='bbox 88 1027 146 1101; x_wconf 89' lang='lat' dir='ltr'>lut</span> <span class='ocrx_word' id='word_1_61' title='bbox 162 1022 358 1121; x_wconf 83' lang='lat' dir='ltr'>figuraliter</span> <span class='ocrx_word' id='word_1_62' title='bbox 377 1024 506 1100; x_wconf 70' lang='lat' dir='ltr'>ditium</span> <span class='ocrx_word' id='word_1_63' title='bbox 521 1024 565 1101; x_wconf 91' lang='lat' dir='ltr'>de</span> <span class='ocrx_word' id='word_1_64' title='bbox 580 1027 634 1101; x_wconf 86' lang='lat' dir='ltr'>his</span> <span class='ocrx_word' id='word_1_65' title='bbox 651 1029 710 1117; x_wconf 92' lang='lat' dir='ltr'>qui</span> <span class='ocrx_word' id='word_1_66' title='bbox 725 1024 915 1101; x_wconf 89' lang='lat' dir='ltr'>secundum</span> <span class='ocrx_word' id='word_1_67' title='bbox 935 1025 1149 1103; x_wconf 71' lang='lat' dir='ltr'>electionem</span> 
     </span>
     <span class='ocr_line' id='line_1_10' title="bbox 86 1120 1149 1217; baseline -0.004 -14"><span class='ocrx_word' id='word_1_68' title='bbox 86 1120 253 1203; x_wconf 81' lang='lat' dir='ltr'>Israeli-tae</span> <span class='ocrx_word' id='word_1_69' title='bbox 269 1126 392 1199; x_wconf 87' lang='lat' dir='ltr'>vocati</span> <span class='ocrx_word' id='word_1_70' title='bbox 416 1123 515 1217; x_wconf 86' lang='lat' dir='ltr'>sunt,</span> <span class='ocrx_word' id='word_1_71' title='bbox 542 1138 585 1199; x_wconf 90' lang='lat' dir='ltr'>ut</span> <span class='ocrx_word' id='word_1_72' title='bbox 600 1124 805 1200; x_wconf 88' lang='lat' dir='ltr'>ostenderet</span> <span class='ocrx_word' id='word_1_73' title='bbox 823 1147 901 1199; x_wconf 91' lang='lat' dir='ltr'>non</span> <span class='ocrx_word' id='word_1_74' title='bbox 921 1122 1034 1199; x_wconf 89' lang='lat' dir='ltr'>solum</span> <span class='ocrx_word' id='word_1_75' title='bbox 1050 1144 1149 1199; x_wconf 86' lang='lat' dir='ltr'>nunt</span> 
     </span>
     <span class='ocr_line' id='line_1_11' title="bbox 86 1223 1148 1319; baseline 0 -22"><span class='ocrx_word' id='word_1_76' title='bbox 86 1224 253 1319; x_wconf 79' lang='lat' dir='ltr'>gentibus</span> <span class='ocrx_word' id='word_1_77' title='bbox 272 1223 442 1317; x_wconf 85' lang='lat' dir='ltr'>profuisse</span> <span class='ocrx_word' id='word_1_78' title='bbox 466 1225 660 1299; x_wconf 88' lang='lat' dir='ltr'>adventum</span> <span class='ocrx_word' id='word_1_79' title='bbox 678 1224 830 1319; x_wconf 88' lang='lat' dir='ltr'>Christi,</span> <span class='ocrx_word' id='word_1_80' title='bbox 856 1225 915 1300; x_wconf 92' lang='lat' dir='ltr'>sed</span> <span class='ocrx_word' id='word_1_81' title='bbox 937 1225 1148 1319; x_wconf 86' lang='lat' dir='ltr'>quampluri·</span> 
     </span>
     <span class='ocr_line' id='line_1_12' title="bbox 88 1322 1051 1421; baseline 0 -22"><span class='ocrx_word' id='word_1_82' title='bbox 88 1342 170 1399; x_wconf 87' lang='lat' dir='ltr'>mos</span> <span class='ocrx_word' id='word_1_83' title='bbox 188 1324 295 1397; x_wconf 89' lang='lat' dir='ltr'>etiam</span> <span class='ocrx_word' id='word_1_84' title='bbox 311 1323 489 1399; x_wconf 84' lang='lat' dir='ltr'>israelitici</span> <span class='ocrx_word' id='word_1_85' title='bbox 508 1324 646 1421; x_wconf 86' lang='lat' dir='ltr'>generis</span> <span class='ocrx_word' id='word_1_86' title='bbox 663 1322 867 1401; x_wconf 83' lang='lat' dir='ltr'>adsalutem</span> <span class='ocrx_word' id='word_1_87' title='bbox 883 1336 1051 1399; x_wconf 87' lang='lat' dir='ltr'>vocatos.</span> 
     </span>
    </p>

    <p class='ocr_par' dir='ltr' id='par_1_3' title="bbox 86 1423 1212 2827">
     <span class='ocr_line' id='line_1_13' title="bbox 169 1423 1148 1520; baseline 0.002 -27"><span class='ocrx_word' id='word_1_88' title='bbox 169 1442 225 1513; x_wconf 77' lang='lat'>14</span> <span class='ocrx_word' id='word_1_89' title='bbox 250 1424 341 1520; x_wconf 83' lang='lat' dir='ltr'>Quae</span> <span class='ocrx_word' id='word_1_90' title='bbox 360 1444 440 1496; x_wconf 91' lang='lat' dir='ltr'>cum</span> <span class='ocrx_word' id='word_1_91' title='bbox 459 1425 510 1497; x_wconf 88' lang='lat' dir='ltr'>ita</span> <span class='ocrx_word' id='word_1_92' title='bbox 529 1423 616 1517; x_wconf 88' lang='lat' dir='ltr'>sint,</span> <span class='ocrx_word' id='word_1_93' title='bbox 650 1424 800 1515; x_wconf 85' lang='lat' dir='ltr'>qualiter</span> <span class='ocrx_word' id='word_1_94' title='bbox 816 1424 923 1498; x_wconf 87' lang='lat' dir='ltr'>nobis</span> <span class='ocrx_word' id='word_1_95' title='bbox 946 1424 1063 1499; x_wconf 88' lang='lat' dir='ltr'>dehis</span> <span class='ocrx_word' id='word_1_96' title='bbox 1082 1423 1148 1495; x_wconf 90' lang='lat' dir='ltr'>sm·</span> 
     </span>
     <span class='ocr_line' id='line_1_14' title="bbox 87 1519 1212 1618; baseline -0.004 -25"><span class='ocrx_word' id='word_1_97' title='bbox 87 1519 181 1617; x_wconf 76' lang='lat' dir='ltr'>gulis</span> <span class='ocrx_word' id='word_1_98' title='bbox 199 1522 430 1618; x_wconf 83' lang='lat' dir='ltr'>intelligenda</span> <span class='ocrx_word' id='word_1_99' title='bbox 451 1521 494 1596; x_wconf 88' lang='lat' dir='ltr'>sit</span> <span class='ocrx_word' id='word_1_100' title='bbox 514 1520 687 1616; x_wconf 89' lang='lat' dir='ltr'>scriptura</span> <span class='ocrx_word' id='word_1_101' title='bbox 705 1523 847 1616; x_wconf 90' lang='lat' dir='ltr'>divina,</span> <span class='ocrx_word' id='word_1_102' title='bbox 873 1525 977 1597; x_wconf 86' lang='lat' dir='ltr'>velut</span> <span class='ocrx_word' id='word_1_103' title='bbox 993 1521 1148 1615; x_wconf 86' lang='lat' dir='ltr'>exempli</span> <span class='ocrx_word' id='word_1_104' title='bbox 1198 1544 1212 1589; x_wconf 71' lang='lat' dir='ltr'>a</span> 
     </span>
     <span class='ocr_line' id='line_1_15' title="bbox 89 1618 1147 1716; baseline 0 -23"><span class='ocrx_word' id='word_1_105' title='bbox 89 1620 126 1693; x_wconf 77' lang='lat' dir='ltr'>dt</span> <span class='ocrx_word' id='word_1_106' title='bbox 145 1618 419 1716; x_wconf 82' lang='lat' dir='ltr'>formaegratia,</span> <span class='ocrx_word' id='word_1_107' title='bbox 446 1642 522 1713; x_wconf 82' lang='lat' dir='ltr'>quae</span> <span class='ocrx_word' id='word_1_108' title='bbox 536 1623 642 1695; x_wconf 89' lang='lat' dir='ltr'>nobis</span> <span class='ocrx_word' id='word_1_109' title='bbox 659 1643 851 1697; x_wconf 88' lang='lat' dir='ltr'>occurrere</span> <span class='ocrx_word' id='word_1_110' title='bbox 870 1634 1062 1716; x_wconf 89' lang='lat' dir='ltr'>poterunt,</span> <span class='ocrx_word' id='word_1_111' title='bbox 1089 1620 1147 1693; x_wconf 89' lang='lat' dir='ltr'>ad·</span> 
     </span>
     <span class='ocr_line' id='line_1_16' title="bbox 87 1720 1147 1814; baseline -0.002 -19"><span class='ocrx_word' id='word_1_112' title='bbox 87 1720 354 1813; x_wconf 86' lang='lat' dir='ltr'>umbrabimus,</span> <span class='ocrx_word' id='word_1_113' title='bbox 388 1721 476 1793; x_wconf 85' lang='lat' dir='ltr'>iliud</span> <span class='ocrx_word' id='word_1_114' title='bbox 497 1722 614 1813; x_wconf 90' lang='lat' dir='ltr'>primo</span> <span class='ocrx_word' id='word_1_115' title='bbox 631 1734 836 1814; x_wconf 85' lang='lat' dir='ltr'><strong>repetentes</strong></span> <span class='ocrx_word' id='word_1_116' title='bbox 860 1722 895 1795; x_wconf 80' lang='lat' dir='ltr'>da</span> <span class='ocrx_word' id='word_1_117' title='bbox 917 1720 1147 1795; x_wconf 87' lang='lat' dir='ltr'>ostendentes</span> 
     </span>
     <span class='ocr_line' id='line_1_17' title="bbox 88 1817 1149 1916; baseline 0 -26"><span class='ocrx_word' id='word_1_118' title='bbox 88 1820 259 1910; x_wconf 83' lang='lat' dir='ltr'>¹quoniam</span> <span class='ocrx_word' id='word_1_119' title='bbox 269 1820 419 1912; x_wconf 85' lang='lat' dir='ltr'>Spiritus</span> <span class='ocrx_word' id='word_1_120' title='bbox 431 1817 567 1893; x_wconf 76' lang='lat' dir='ltr'>santius</span> <span class='ocrx_word' id='word_1_121' title='bbox 575 1820 805 1916; x_wconf 87' lang='lat' dir='ltr'>providentia</span> <span class='ocrx_word' id='word_1_122' title='bbox 819 1820 854 1893; x_wconf 75' lang='lat' dir='ltr'>u</span> <span class='ocrx_word' id='word_1_123' title='bbox 868 1823 1059 1894; x_wconf 89' lang='lat' dir='ltr'>voluntate</span> <span class='ocrx_word' id='word_1_124' title='bbox 1075 1817 1149 1891; x_wconf 90' lang='lat' dir='ltr'>Dei</span> 
     </span>
     <span class='ocr_line' id='line_1_18' title="bbox 88 1917 1148 2014; baseline 0 -25"><span class='ocrx_word' id='word_1_125' title='bbox 88 1936 155 2012; x_wconf 87' lang='lat' dir='ltr'>per</span> <span class='ocrx_word' id='word_1_126' title='bbox 171 1918 343 1991; x_wconf 90' lang='lat' dir='ltr'>virtutem</span> <span class='ocrx_word' id='word_1_127' title='bbox 356 1919 529 2014; x_wconf 89' lang='lat' dir='ltr'>unigeniti</span> <span class='ocrx_word' id='word_1_128' title='bbox 545 1919 650 1991; x_wconf 89' lang='lat' dir='ltr'>verbi</span> <span class='ocrx_word' id='word_1_129' title='bbox 665 1920 740 2011; x_wconf 89' lang='lat' dir='ltr'>ejus</span> <span class='ocrx_word' id='word_1_130' title='bbox 756 1922 816 2010; x_wconf 81' lang='lat' dir='ltr'>&#39;qui</span> <span class='ocrx_word' id='word_1_131' title='bbox 831 1935 907 1993; x_wconf 91' lang='lat' dir='ltr'>erat</span> <span class='ocrx_word' id='word_1_132' title='bbox 921 1921 958 1991; x_wconf 91' lang='lat' dir='ltr'>in</span> <span class='ocrx_word' id='word_1_133' title='bbox 970 1917 1148 2011; x_wconf 87' lang='lat' dir='ltr'>principio</span> 
     </span>
     <span class='ocr_line' id='line_1_19' title="bbox 90 2015 1150 2111; baseline -0.002 -22"><span class='ocrx_word' id='word_1_134' title='bbox 90 2016 310 2109; x_wconf 87' lang='lat' dir='ltr'>apudDeum</span> <span class='ocrx_word' id='word_1_135' title='bbox 320 2017 422 2091; x_wconf 86' lang='lat' dir='ltr'>Deus</span> <span class='ocrx_word' id='word_1_136' title='bbox 433 2015 609 2091; x_wconf 86' lang='lat' dir='ltr'>ministros</span> <span class='ocrx_word' id='word_1_137' title='bbox 620 2018 782 2091; x_wconf 88' lang='lat' dir='ltr'>veritatis</span> <span class='ocrx_word' id='word_1_138' title='bbox 793 2018 991 2111; x_wconf 87' lang='lat' dir='ltr'>Prophetas</span> <span class='ocrx_word' id='word_1_139' title='bbox 1004 2017 1150 2109; x_wconf 88' lang='lat' dir='ltr'>&amp;Apo-</span> 
     </span>
     <span class='ocr_line' id='line_1_20' title="bbox 86 2114 1148 2212; baseline -0.004 -21"><span class='ocrx_word' id='word_1_140' title='bbox 86 2114 203 2191; x_wconf 88' lang='lat' dir='ltr'>stolos</span> <span class='ocrx_word' id='word_1_141' title='bbox 218 2118 439 2189; x_wconf 88' lang='lat' dir='ltr'>illuminabat</span> <span class='ocrx_word' id='word_1_142' title='bbox 456 2117 499 2191; x_wconf 92' lang='lat' dir='ltr'>ad</span> <span class='ocrx_word' id='word_1_143' title='bbox 514 2116 763 2212; x_wconf 84' lang='lat' dir='ltr'>cognoscenda</span> <span class='ocrx_word' id='word_1_144' title='bbox 778 2118 945 2211; x_wconf 87' lang='lat' dir='ltr'>mysteria</span> <span class='ocrx_word' id='word_1_145' title='bbox 960 2137 1080 2191; x_wconf 88' lang='lat' dir='ltr'>earum</span> <span class='ocrx_word' id='word_1_146' title='bbox 1093 2118 1148 2187; x_wconf 65' lang='lat' dir='ltr'>re1</span> 
     </span>
     <span class='ocr_line' id='line_1_21' title="bbox 87 2214 1156 2313; baseline 0 -26"><span class='ocrx_word' id='word_1_147' title='bbox 87 2234 168 2287; x_wconf 87' lang='lat' dir='ltr'>rum</span> <span class='ocrx_word' id='word_1_148' title='bbox 191 2216 254 2287; x_wconf 88' lang='lat' dir='ltr'>vel</span> <span class='ocrx_word' id='word_1_149' title='bbox 273 2216 451 2303; x_wconf 83' lang='lat' dir='ltr'>causarum</span> <span class='ocrx_word' id='word_1_150' title='bbox 473 2238 551 2307; x_wconf 87' lang='lat' dir='ltr'>quac</span> <span class='ocrx_word' id='word_1_151' title='bbox 570 2217 872 2313; x_wconf 83' lang='lat' dir='ltr'>interhomines,</span> <span class='ocrx_word' id='word_1_152' title='bbox 896 2219 958 2291; x_wconf 90' lang='lat' dir='ltr'>vel</span> <span class='ocrx_word' id='word_1_153' title='bbox 976 2218 1020 2289; x_wconf 89' lang='lat' dir='ltr'>de</span> <span class='ocrx_word' id='word_1_154' title='bbox 1034 2214 1156 2307; x_wconf 34' lang='lat' dir='ltr'>homi·-</span> 
     </span>
     <span class='ocr_line' id='line_1_22' title="bbox 88 2314 1149 2409; baseline 0.002 -22"><span class='ocrx_word' id='word_1_155' title='bbox 88 2316 193 2387; x_wconf 91' lang='lat' dir='ltr'>nibus</span> <span class='ocrx_word' id='word_1_156' title='bbox 217 2329 397 2409; x_wconf 84' lang='lat' dir='ltr'>geruntur.</span> <span class='ocrx_word' id='word_1_157' title='bbox 449 2314 624 2390; x_wconf 81' lang='lat' dir='ltr'>Homines</span> <span class='ocrx_word' id='word_1_158' title='bbox 645 2330 762 2391; x_wconf 89' lang='lat' dir='ltr'>autem</span> <span class='ocrx_word' id='word_1_159' title='bbox 790 2339 886 2391; x_wconf 91' lang='lat' dir='ltr'>nunc</span> <span class='ocrx_word' id='word_1_160' title='bbox 909 2318 991 2389; x_wconf 91' lang='lat' dir='ltr'>dico</span> <span class='ocrx_word' id='word_1_161' title='bbox 1016 2317 1149 2389; x_wconf 84' lang='lat' dir='ltr'>animas</span> 
     </span>
     <span class='ocr_line' id='line_1_23' title="bbox 87 2412 1149 2513; baseline -0.003 -25"><span class='ocrx_word' id='word_1_162' title='bbox 87 2414 127 2489; x_wconf 90' lang='lat' dir='ltr'>in</span> <span class='ocrx_word' id='word_1_163' title='bbox 152 2415 366 2503; x_wconf 88' lang='lat' dir='ltr'>corporibus</span> <span class='ocrx_word' id='word_1_164' title='bbox 390 2414 545 2509; x_wconf 75' lang='lat' dir='ltr'>positas,</span> <span class='ocrx_word' id='word_1_165' title='bbox 571 2436 647 2506; x_wconf 89' lang='lat' dir='ltr'>quae</span> <span class='ocrx_word' id='word_1_166' title='bbox 661 2416 906 2513; x_wconf 43' lang='lat' dir='ltr'>illalmysteria</span> <span class='ocrx_word' id='word_1_167' title='bbox 921 2416 1066 2513; x_wconf 85' lang='lat' dir='ltr'>cognita</span> <span class='ocrx_word' id='word_1_168' title='bbox 1083 2412 1149 2511; x_wconf 79' lang='lat' dir='ltr'>sabi</span> 
     </span>
     <span class='ocr_line' id='line_1_24' title="bbox 90 2512 1148 2614; baseline 0.002 -29"><span class='ocrx_word' id='word_1_169' title='bbox 90 2512 127 2585; x_wconf 73' lang='grc' dir='ltr'>δι</span> <span class='ocrx_word' id='word_1_170' title='bbox 145 2514 307 2587; x_wconf 88' lang='lat' dir='ltr'>revelata</span> <span class='ocrx_word' id='word_1_171' title='bbox 325 2535 388 2607; x_wconf 87' lang='lat' dir='ltr'>per</span> <span class='ocrx_word' id='word_1_172' title='bbox 410 2512 606 2607; x_wconf 88' lang='lat' dir='ltr'>Christum,</span> <span class='ocrx_word' id='word_1_173' title='bbox 631 2516 735 2589; x_wconf 90' lang='lat' dir='ltr'>velut</span> <span class='ocrx_word' id='word_1_174' title='bbox 749 2517 901 2590; x_wconf 91' lang='lat' dir='ltr'>humana</span> <span class='ocrx_word' id='word_1_175' title='bbox 916 2516 1072 2608; x_wconf 79' lang='lat' dir='ltr'>quedam</span> <span class='ocrx_word' id='word_1_176' title='bbox 1089 2532 1148 2614; x_wconf 73' lang='lat' dir='ltr'>ge·</span> 
     </span>
     <span class='ocr_line' id='line_1_25' title="bbox 87 2608 1150 2711; baseline 0 -26"><span class='ocrx_word' id='word_1_177' title='bbox 87 2608 349 2705; x_wconf 78' lang='lat' dir='ltr'>sianarrantes,</span> <span class='ocrx_word' id='word_1_178' title='bbox 375 2614 437 2686; x_wconf 92' lang='lat' dir='ltr'>vel</span> <span class='ocrx_word' id='word_1_179' title='bbox 449 2614 579 2711; x_wconf 84' lang='lat' dir='ltr'>legales</span> <span class='ocrx_word' id='word_1_180' title='bbox 594 2614 760 2705; x_wconf 88' lang='lat' dir='ltr'>quasdam</span> <span class='ocrx_word' id='word_1_181' title='bbox 776 2613 1033 2708; x_wconf 83' lang='lat' dir='ltr'>observantias,</span> <span class='ocrx_word' id='word_1_182' title='bbox 1061 2632 1150 2705; x_wconf 79' lang='lat' dir='ltr'>pra·</span> 
     </span>
     <span class='ocr_line' id='line_1_26' title="bbox 88 2708 1148 2827; baseline 0.001 -43"><span class='ocrx_word' id='word_1_183' title='bbox 88 2720 265 2805; x_wconf 76' lang='lat' dir='ltr'>septaque</span> <span class='ocrx_word' id='word_1_184' title='bbox 290 2712 471 2788; x_wconf 85' lang='lat' dir='ltr'>tradentes</span> <span class='ocrx_word' id='word_1_185' title='bbox 490 2708 685 2811; x_wconf 81' lang='lat' dir='ltr'>figuraliter</span> <span class='ocrx_word' id='word_1_186' title='bbox 709 2712 973 2789; x_wconf 84' lang='lat' dir='ltr'>describebant:</span> <span class='ocrx_word' id='word_1_187' title='bbox 1007 2723 1148 2827; x_wconf 78' lang='lat' dir='ltr'>utnon</span> 
     </span>
    </p>

    <p class='ocr_par' dir='ltr' id='par_1_4' title="bbox 128 2830 1098 3071">
     <span class='ocr_line' id='line_1_27' title="bbox 1034 2830 1098 2905; baseline 0 -20"><span class='ocrx_word' id='word_1_188' title='bbox 1034 2830 1098 2905; x_wconf 85' lang='lat' dir='ltr'>qur</span> 
     </span>
     <span class='ocr_line' id='line_1_28' title="bbox 128 2970 927 3071; baseline 0 -22"><span class='ocrx_word' id='word_1_189' title='bbox 128 2984 133 2991; x_wconf 83' lang='lat'>&#39;</span> <span class='ocrx_word' id='word_1_190' title='bbox 317 2970 744 3071; x_wconf 74' lang='lat' dir='ltr'>lurraaurrarro</span> <span class='ocrx_word' id='word_1_191' title='bbox 779 2994 927 3050; x_wconf 81' lang='lat' dir='ltr'>uovn.</span> 
     </span>
    </p>
   </div>
   <div class='ocr_carea' id='block_1_3' title="bbox 87 3108 1175 3803">
    <p class='ocr_par' dir='ltr' id='par_1_5' title="bbox 87 3108 1175 3803">
     <span class='ocr_line' id='line_1_29' title="bbox 87 3108 1175 3209; baseline 0.002 -24"><span class='ocrx_word' id='word_1_192' title='bbox 87 3108 291 3204; x_wconf 83' lang='lat' dir='ltr'>Apostolos</span> <span class='ocrx_word' id='word_1_193' title='bbox 310 3112 555 3207; x_wconf 85' lang='lat' dir='ltr'>illuminavit,¹</span> <span class='ocrx_word' id='word_1_194' title='bbox 573 3114 751 3207; x_wconf 80' lang='lat' dir='ltr'>precipue</span> <span class='ocrx_word' id='word_1_195' title='bbox 770 3111 956 3209; x_wconf 84' lang='lat' dir='ltr'>respexisse</span> <span class='ocrx_word' id='word_1_196' title='bbox 983 3108 1027 3185; x_wconf 88' lang='lat' dir='ltr'>ad</span> <span class='ocrx_word' id='word_1_197' title='bbox 1052 3128 1147 3187; x_wconf 85' lang='lat' dir='ltr'>area·¹</span> <span class='ocrx_word' id='word_1_198' title='bbox 1170 3155 1175 3167; x_wconf 87' lang='lat'><strong>·</strong></span> 
     </span>
     <span class='ocr_line' id='line_1_30' title="bbox 88 3207 1147 3306; baseline -0.004 -21"><span class='ocrx_word' id='word_1_199' title='bbox 88 3213 188 3285; x_wconf 88' lang='lat' dir='ltr'>nain</span> <span class='ocrx_word' id='word_1_200' title='bbox 209 3211 374 3303; x_wconf 84' lang='lat' dir='ltr'>mysteria</span> <span class='ocrx_word' id='word_1_201' title='bbox 391 3234 510 3285; x_wconf 86' lang='lat' dir='ltr'>aarum</span> <span class='ocrx_word' id='word_1_202' title='bbox 528 3233 646 3287; x_wconf 89' lang='lat' dir='ltr'>rerum</span> <span class='ocrx_word' id='word_1_203' title='bbox 675 3236 752 3306; x_wconf 85' lang='lat' dir='ltr'>quae</span> <span class='ocrx_word' id='word_1_204' title='bbox 778 3216 822 3287; x_wconf 92' lang='lat' dir='ltr'>ad</span> <span class='ocrx_word' id='word_1_205' title='bbox 848 3215 1011 3289; x_wconf 89' lang='lat' dir='ltr'>homines</span> <span class='ocrx_word' id='word_1_206' title='bbox 1038 3207 1147 3303; x_wconf 87' lang='lat' dir='ltr'>perti·</span> 
     </span>
     <span class='ocr_line' id='line_1_31' title="bbox 87 3311 1148 3405; baseline -0.002 -22"><span class='ocrx_word' id='word_1_207' title='bbox 87 3323 189 3385; x_wconf 88' lang='lat' dir='ltr'>nent.</span> <span class='ocrx_word' id='word_1_208' title='bbox 226 3311 401 3385; x_wconf 88' lang='lat' dir='ltr'>Homines</span> <span class='ocrx_word' id='word_1_209' title='bbox 417 3333 513 3384; x_wconf 92' lang='lat' dir='ltr'>nunc</span> <span class='ocrx_word' id='word_1_210' title='bbox 530 3312 633 3403; x_wconf 89' lang='lat' dir='ltr'>dico,</span> <span class='ocrx_word' id='word_1_211' title='bbox 661 3314 792 3387; x_wconf 89' lang='lat' dir='ltr'>animas</span> <span class='ocrx_word' id='word_1_212' title='bbox 813 3312 1027 3405; x_wconf 78' lang='lat' dir='ltr'>corporibus</span> <span class='ocrx_word' id='word_1_213' title='bbox 1044 3322 1148 3383; x_wconf 84' lang='lat' dir='ltr'>uten-</span> 
     </span>
     <span class='ocr_line' id='line_1_32' title="bbox 88 3405 1148 3509; baseline -0.002 -28"><span class='ocrx_word' id='word_1_214' title='bbox 88 3421 160 3500; x_wconf 89' lang='lat' dir='ltr'>tes,</span> <span class='ocrx_word' id='word_1_215' title='bbox 185 3421 229 3483; x_wconf 92' lang='lat' dir='ltr'>ut</span> <span class='ocrx_word' id='word_1_216' title='bbox 243 3410 303 3502; x_wconf 92' lang='lat' dir='ltr'>qui</span> <span class='ocrx_word' id='word_1_217' title='bbox 317 3410 441 3483; x_wconf 89' lang='lat' dir='ltr'>doceri</span> <span class='ocrx_word' id='word_1_218' title='bbox 455 3410 588 3504; x_wconf 78' lang='lat' dir='ltr'>potest,</span> <span class='ocrx_word' id='word_1_219' title='bbox 615 3412 866 3509; x_wconf 79' lang='lat' dir='ltr'>investiganda</span> <span class='ocrx_word' id='word_1_220' title='bbox 878 3408 1058 3483; x_wconf 87' lang='lat' dir='ltr'>altitudini</span> <span class='ocrx_word' id='word_1_221' title='bbox 1074 3405 1148 3480; x_wconf 90' lang='lat' dir='ltr'>sen·</span> 
     </span>
     <span class='ocr_line' id='line_1_33' title="bbox 90 3504 1147 3604; baseline 0.001 -25"><span class='ocrx_word' id='word_1_222' title='bbox 90 3504 189 3581; x_wconf 89' lang='lat' dir='ltr'>suum</span> <span class='ocrx_word' id='word_1_223' title='bbox 205 3506 266 3581; x_wconf 92' lang='lat' dir='ltr'>sub</span> <span class='ocrx_word' id='word_1_224' title='bbox 279 3510 433 3583; x_wconf 90' lang='lat' dir='ltr'>vocibus</span> <span class='ocrx_word' id='word_1_225' title='bbox 451 3510 730 3585; x_wconf 85' lang='lat' dir='ltr'>delitescentium</span> <span class='ocrx_word' id='word_1_226' title='bbox 746 3512 781 3585; x_wconf 92' lang='lat' dir='ltr'>se</span> <span class='ocrx_word' id='word_1_227' title='bbox 796 3513 959 3604; x_wconf 86' lang='lat' dir='ltr'>tradens,</span> <span class='ocrx_word' id='word_1_228' title='bbox 986 3510 1147 3593; x_wconf 82' lang='lat' dir='ltr'>omnium</span> 
     </span>
     <span class='ocr_line' id='line_1_34' title="bbox 93 3608 1147 3705; baseline 0.006 -30"><span class='ocrx_word' id='word_1_229' title='bbox 93 3608 228 3705; x_wconf 72' lang='lat' dir='ltr'>consilii</span> <span class='ocrx_word' id='word_1_230' title='bbox 245 3609 320 3700; x_wconf 87' lang='lat' dir='ltr'>ejus</span> <span class='ocrx_word' id='word_1_231' title='bbox 343 3609 549 3704; x_wconf 86' lang='lat' dir='ltr'>dogmatum</span> <span class='ocrx_word' id='word_1_232' title='bbox 563 3613 741 3703; x_wconf 86' lang='lat' dir='ltr'>particeps</span> <span class='ocrx_word' id='word_1_233' title='bbox 758 3608 832 3687; x_wconf 87' lang='lat' dir='ltr'>siat.</span> <span class='ocrx_word' id='word_1_234' title='bbox 883 3611 1037 3683; x_wconf 85' lang='lat' dir='ltr'>Interea</span> <span class='ocrx_word' id='word_1_235' title='bbox 1054 3625 1147 3681; x_wconf 84' lang='lat' dir='ltr'>vero</span> 
     </span>
     <span class='ocr_line' id='line_1_35' title="bbox 92 3708 1147 3803; baseline 0.005 -29"><span class='ocrx_word' id='word_1_236' title='bbox 92 3725 169 3795; x_wconf 80' lang='lat' dir='ltr'>qna</span> <span class='ocrx_word' id='word_1_237' title='bbox 183 3708 310 3781; x_wconf 85' lang='lat' dir='ltr'>animas</span> <span class='ocrx_word' id='word_1_238' title='bbox 331 3709 503 3799; x_wconf 83' lang='lat' dir='ltr'>attinent,</span> <span class='ocrx_word' id='word_1_239' title='bbox 531 3711 698 3801; x_wconf 88' lang='lat' dir='ltr'>quoniam</span> <span class='ocrx_word' id='word_1_240' title='bbox 717 3713 770 3782; x_wconf 85' lang='lat' dir='ltr'>hae</span> <span class='ocrx_word' id='word_1_241' title='bbox 784 3708 1040 3803; x_wconf 72' lang='lat' dir='ltr'>persedionem</span> <span class='ocrx_word' id='word_1_242' title='bbox 1059 3725 1147 3779; x_wconf 83' lang='lat' dir='ltr'>cou-</span> 
     </span>
    </p>
   </div>
   <div class='ocr_carea' id='block_1_4' title="bbox 89 3801 1148 4003">
    <p class='ocr_par' dir='ltr' id='par_1_6' title="bbox 89 3801 1148 4003">
     <span class='ocr_line' id='line_1_36' title="bbox 89 3801 1148 3983; baseline 0 -104"><span class='ocrx_word' id='word_1_243' title='bbox 89 3801 188 3899; x_wconf 86' lang='lat' dir='ltr'>sequi</span> <span class='ocrx_word' id='word_1_244' title='bbox 201 3824 384 3901; x_wconf 89' lang='lat' dir='ltr'>nequeunt</span> <span class='ocrx_word' id='word_1_245' title='bbox 400 3808 462 3884; x_wconf 81' lang='lat' dir='ltr'>nifi</span> <span class='ocrx_word' id='word_1_246' title='bbox 472 3828 542 3907; x_wconf 89' lang='lat' dir='ltr'>per</span> <span class='ocrx_word' id='word_1_247' title='bbox 550 3810 770 3983; x_wconf 51' lang='lat' dir='ltr'>locppletem</span> <span class='ocrx_word' id='word_1_248' title='bbox 784 3810 818 3886; x_wconf 81' lang='lat' dir='ltr'>dt</span> <span class='ocrx_word' id='word_1_249' title='bbox 831 3809 1023 3909; x_wconf 87' lang='lat' dir='ltr'>sapientem</span> <span class='ocrx_word' id='word_1_250' title='bbox 1030 3803 1148 3975; x_wconf 46' lang='lat' dir='ltr'>gge-</span> 
     </span>
     <span class='ocr_line' id='line_1_37' title="bbox 667 3927 686 4003; baseline 0 0"><span class='ocrx_word' id='word_1_251' title='bbox 667 3927 686 4003; x_wconf 82' lang='lat'>5</span> 
     </span>
    </p>
   </div>
   <div class='ocr_carea' id='block_1_5' title="bbox 0 0 1255 4254">
    <p class='ocr_par' dir='ltr' id='par_1_7' title="bbox 0 0 1255 4254">
     <span class='ocr_line' id='line_1_38' title="bbox 0 0 1255 4254; baseline 0 0"><span class='ocrx_word' id='word_1_252' title='bbox 0 0 1255 4254; x_wconf 95' lang='lat' dir='ltr'> </span> 
     </span>
    </p>
   </div>
  </div>
 </body>
</html>
