2498 4254
92 244 94 249 ,
180 158 203 171 ”
238 157 337 237 AD
388 152 934 240 MARTrRl'Unt
1032 144 1109 259 643²

35 319 207 401 obeunda
231 321 307 416 est,
342 332 384 394 ut
408 342 491 396 cum
517 322 578 395 hie
601 316 793 397 beatorum
816 320 964 415 quisque
985 320 1106 400 osten·
1148 358 1152 369 =

35 425 158 518 derit,
194 444 267 514 quo
289 418 394 515 patio
421 422 460 495 in
490 418 613 495 suase
639 421 944 497 administratione
973 428 1105 521 gerat,

32 523 124 596 illud
152 523 299 596 eveniat
323 522 454 594 deinde
480 521 580 613 quod
607 522 646 593 in
674 519 829 595 Cantico
867 519 1106 615 canticorum
1179 538 1185 551 ‘

34 622 82 695 a'd
107 619 271 715 sponsam
294 641 372 713 quae
396 620 553 695 hiemem
580 617 742 694 evaserat
767 622 916 694 dicitur:
946 626 1000 694 Eu
1024 625 1105 696 dile.

34 720 105 794 Rus
131 746 217 791 meur
241 722 387 819 loquitur
407 722 510 790 milri:
539 723 652 815 lunge,
678 718 893 792 ventrium
920 747 1007 811 mea,
1028 723 1105 816 for·

15 822 117 910 'mosa
137 846 221 909 mea,
248 820 384 892 columba
402 842 486 894 mro:
506 821 577 913 jam
596 825 681 891 enim
704 822 804 892 biems
825 823 978 918 traufiir,
1007 816 1105 896 imber

34 923 117 994 airir
144 919 184 997 di
213 918 343 1012 recessit.
392 916 442 991 Et
469 940 540 992 vos
569 918 685 992 adhuc
710 918 917 995 meministis
940 942 1019 995 non
1044 925 1105 996 ali·

36 1032 94 1094 ter
114 1020 234 1094 audire
253 1040 324 1094 vos
345 1017 447 1112 polle
467 1019 571 1092 illude
599 1022 709 1093 Hiems
737 1021 894 1117 transiit,
926 1021 991 1093 nili
1014 1043 1105 1116 prae·

34 1119 174 1193 lentem
203 1121 295 1211 hane
316 1117 565 1213 tempestatem
584 1117 730 1192 fortiter
751 1118 1031 1212 constanterque
1052 1118 1105 1195 su·

33 1214 239 1294 stinueritis.
293 1218 385 1292 Cum
412 1231 532 1292 autem
563 1217 740 1292 tranlierit
773 1220 888 1294 hiems
922 1218 1105 1295 &imber

33 1317 243 1413 recesserit,
287 1316 397 1391 flores
436 1319 671 1410 apparebunt.
742 1319 892 1390 Plantam·
928 1320 1026 1400 enirn
1064 1324 1106 1392 in

32 1420 119 1491 domo
144 1415 303 1507 Domini,
329 1424 367 1488 in
390 1421 490 1489 atriis
511 1418 615 1488 domus
644 1421 709 1490 Dei
729 1414 829 1516 nostri
852 1418 1021 1514 florebunt.
1095 1514 1097 1521 y

57 1624 60 1629 “
110 1639 168 1709 32.
201 1616 294 1690 Illud
316 1592 423 1693 etia'm
441 1617 635 1710 novimus,
662 1634 744 1692 curn
768 1618 877 1690 nobis
898 1615 1000 1713 Jellrr
1020 1626 1116 1708 per-⁸
1222 1686 1225 1693 ,

10 1706 179 1817 {suaserit
206 1717 304 1791 idola
330 1716 533 1811 &impium
554 1717 751 1790 multorum
772 1702 940 1791 Deorum
962 1717 1103 1791 cultum
1143 1742 1147 1751 ·

10 1818 270 1910 'relinquere,
316 1814 463 1887 suadere
500 1816 607 1888 nobis
638 1814 880 1889 idololatriam
918 1815 1104 1889 inimicum

33 1928 113 1996 mon
136 1913 259 2006 polle,
286 1912 345 1986 sed
370 1934 502 2011 cogere
526 1916 635 1989 velle.
685 1912 739 1987 Ea
763 1914 865 1987 causa
891 1910 944 1986 est
965 1932 1029 1984 cur
1053 1927 1104 1989 ta·

32 2013 83 2087 lin
107 2015 145 2085 in
173 2034 238 2096 eos
266 2024 437 2085 exerceat
463 2014 501 2085 in
523 2033 615 2103 quos
637 2011 796 2107 potestas
823 2012 887 2106 ipsr
911 2012 1034 2105 datur,
1067 2011 1103 2087 ἀ

33 2112 97 2186 v‘el
111 2124 285 2204 martyres
313 2132 379 2185 eos
403 2114 462 2204 qui
484 2116 691 2205 tentarint,
717 2109 874 2206 efficiat,
899 2112 962 2184 uel
984 2112 1103 2185 idolo·
1204 2194 1206 2201 ,

33 2213 154 2286 latras.
205 2210 313 2305 Saepe
324 2211 432 2286 etiam
451 2230 549 2284 nunc
567 2212 680 2286 dicit:
709 2216 785 2283 Hac
801 2215 907 2283 omnia
926 2210 988 2281 ribi
1003 2211 1102 2299 dabo,

15 2313 64 2409 st
85 2314 195 2396 eadem
221 2314 404 2385 adoraveris
441 2336 496 2386 me.
551 2307 752 2384 Careamus
786 2311 894 2406 igitur
918 2318 988 2384 'ne
1003 2309 1104 2384 idola

36 2413 199 2486 colamus
235 2408 422 2505 unquam,
462 2411 496 2484 dr
531 2431 602 2484 nos
641 2411 827 2485 daemoniis
861 2408 1102 2502 subjiciamus:

31 2512 133 2585 idola
154 2515 249 2586 enim
274 2513 356 2585 sunt
386 2513 548 2605 gentium
579 2510 768 2586 damonia.
821 2511 940 2605 Quale
966 2506 1018 2580 est
1044 2514 1103 2582 au‘·

10 2608 111 2685 ‘tern
135 2612 339 2702 relinquere
364 2608 474 2684 suave
506 2608 633 2683 Christi
663 2610 787 2704 jugum
821 2608 856 2680 &
887 2610 972 2680 leve
1006 2626 1103 2679 onur

10 2713 134 2804 elus,
158 2721 201 2780 ut
220 2729 290 2782 nos
319 2710 450 2782 iterum
471 2709 674 2781 demonum
693 2709 782 2804 jugo
805 2704 1047 2801 supponamus
1067 2703 1116 2779 dc·

10 2806 222 2905 *graviffimi
246 2810 388 2901 peccati
408 2820 600 2901 ,portemus
627 2824 743 2899 onus,
776 2806 885 2896 idque
912 2802 1153 2899 postquam.

26 2909 279 3002 cognorimus
308 2907 467 2981 cinerem
492 2903 562 2979 elle
588 2924 655 2977 cor
670 2904 778 2979 idolis
799 2903 1032 2978 seruientium
1049 2904 1103 2976 vi·
1214 2920 1219 2932 ·

21 3016 181 3098 tamque
204 3008 284 3078 luto
306 3007 532 3100 turpiorem,
559 3004 783 3095 diximurque
807 3020 929 3100 patres
955 3000 1100 3076 nostros

15 3104 119 3184 falsa
144 3104 305 3184 habuille
332 3105 509 3200 sculptilia
534 3104 568 3179 dc
589 3128 655 3178 nrn
678 3104 736 3207 affl
759 3109 797 3175 in
822 3112 867 3175 eir
887 3109 944 3205 qur·
958 3092 1100 3201 pluant!

54 3342 78 3353 ··
111 3324 169 3400 33.
194 3302 287 3378 Non
325 3305 422 3378 olim·
448 3312 551 3381 tantu
608 3300 770 3380 'statuam
800 3322 943 3387 auream
972 3300 1101 3401 Nabu·

15 3402 275 3484 ehodonosor
305 3406 445 3493 erexit,
489 3426 588 3498 nequ
640 3416 730 3478 tunc
761 3400 900 3477 solum
914 3399 1100 3497 Ananiae,

11 3508 200 3598 Azariae,
227 3505 261 3577 u
286 3503 427 3577 Miiaeli
451 3507 607 3603 minatus
633 3502 684 3577 est
709 3523 799 3598 eos,
823 3504 862 3576 ni
886 3503 1100 3595 adorarent,

10 3602 69 3682 in
92 3607 271 3679 caminum
293 3605 383 3699 ignis
404 3605 641 3696 injiciendor:
667 3600 726 3679 sed
745 3602 779 3677 ἃ
798 3622 898 3679 nunc
919 3604 1008 3675 alius
1027 3599 1101 3673 Na·

10 3701 325 3784 buchodonosor
362 3702 458 3778 idern
493 3706 582 3779 dicit
609 3702 718 3783 nobis
749 3702 810 3798 qui
846 3701 1031 3775 transrmus
1064 3696 1100 3772 u

10 3820 125 3883 vere
150 3798 301 3911 Hebraei
327 3800 459 3882 sumus.
506 3802 740 3978 Nossautern
765 3814 809 3878 ut
834 3798 1010 3878 celestem
1037 3796 1100 3874 ro·

63 3912 69 3933 ”
113 3916 128 3951 ²
548 3969 554 3979 „
626 3924 693 3980 sn
975 3916 1071 3967 rem
