2498 4254
287 162 399 263 ΒΕ]
437 164 891 256 oantlout
1048 180 1121 275 '472

57 340 259 444 gravidum
324 342 498 417 Divinam
520 341 645 435 potiur
671 334 849 414 Ezechias
869 350 994 415 mente
1016 337 1124 416 sobo·
1155 366 1158 389 ·

18 448 22 457 ’
59 449 160 537 lem,
179 463 285 534 quam
301 461 485 538 corporeo
504 439 637 516 semine
655 443 797 534 prolem
813 440 953 535 ¹genuit.
1003 441 1039 512 A
1057 443 1123 534 spi·

56 544 247 619 ritualibus
271 545 381 637 magis
400 539 530 616 infidis
544 540 685 613 liberati
704 537 785 611 sunt
800 539 946 632 Esther,
972 541 1123 613 Mardo-

58 644 204 734 cneus,
229 644 485 733 populusque,
512 656 618 731 quam
642 641 685 711 ab
709 634 828 711 Aman
851 638 966 729 iisque
981 643 1042 730 qui
1063 636 1123 736 (in

55 762 187 815 eorum
203 739 422 836 perniciem)
434 737 740 831 conspiraverant.
790 733 935 833 (Judith
949 737 1122 837 validius)

57 843 254 933 quaerentis
276 842 429 912 animam
455 839 561 930 ipsius
581 855 814 928 corrumpere
836 839 1006 931 principis
1025 841 1121 913 viret

58 937 237 1030 exscidit,
263 956 369 1029 quam
389 938 483 1009 iilius
505 937 768 1029 Hoiophernis.
818 937 1019 1032 Quia'vero
1041 956 1122 1011 nou

60 1039 217 1113 fateatur
240 1037 465 1130 spiritualem
476 1035 766 1109 benedictionem
784 1034 822 1105 in
836 1056 964 1153 mulnet
984 1034 1123 1114 ianitor
1220 1038 1223 1045 '

60 1136 245 1210 ab'isaacu
271 1138 448 1230 prolatam
468 1152 550 1209 cum
568 1134 710 1229 Jacobo
724 1135 790 1206 ait:
816 1138 879 1204 Der
901 1137 963 1203 aiii
985 1141 1073 1207 Deus
1087 1137 1124 1208 dr

60 1262 132 1307 rore
147 1238 231 1306 caii:
257 1235 409 1308 'Ananiae
429 1233 582 1308 &sociis
599 1237 674 1325 ejus
693 1234 842 1326 amplius
864 1226 1000 1309 affuiss'u
1016 1252 1123 1328 quarn

58 1352 282 1429 corporeum
296 1354 416 1407 rorem
436 1352 510 1425 quo
525 1329 617 1404 vitta
632 1330 1008 1407 Nabuchodonosoria
1023 1333 1123 1410 flaua·

61 1456 121 1510 ma
136 1432 226 1512 esti¹
240 1428 479 1506 Invisibilibus
495 1434 605 1526 magis
625 1433 792 1505 leonibus
808 1432 997 1507 Danielus
1016 1436 1124 1508 obtu-

60 1536 157 1606 ravit
173 1552 222 1604 ne
242 1533 326 1623 quid
347 1534 385 1605 in
401 1534 477 1624 ejus
497 1535 648 1603 animam
666 1529 809 1624 poiient
825 1530 991 1622 efficere,
1018 1548 1136 1625 quam*

57 1632 279 1708 sensibilibus
297 1631 484 1722 dequibus
500 1649 626 1703 omnes
643 1630 702 1721 qui
726 1632 873 1726 legimus
892 1631 1131 1727 scripturam,-

61 1732 280 1824 aecepimus„
331 1731 424 1826 Quis
445 1729 537 1802 adeo
555 1724 683 1824 effugit
706 1742 872 1806 ventrem
895 1730 969 1803 ceti
985 1732 1080 1804 illius
1100 1746 1125 1805 'a

63 1828 206 1902 Christo
237 1830 422 1902 servatore
455 1826 582 1901 nostro
614 1829 743 1902 domiti
770 1827 1018 1924 fugitivosque
1048 1829 1123 1904 Dei

64 1950 193 2001 omues
223 1926 474 2020 absorbentis,
499 1941 541 1999 ut
563 1926 700 2020 Jonas,
736 1947 817 2000 cum
842 1925 949 2001 santii
971 1927 1123 2025 Spiritus

39 2083 45 2089 .
64 2049 198 2123 capax,
224 2031 355 2120 quippe
375 2027 511 2099 santius
532 2026 632 2118 ipse,
658 2023 807 2099 effeetus
824 2025 905 2098 esti

70 2174 74 2179 -
143 2148 199 2220 17.
226 2128 403 2200 Coeterum
426 2129 554 2199 mirum
571 2146 650 2197 non
670 2124 763 2198 estfi
782 2126 950 2200 omnibus
966 2127 1026 2218 qui
1039 2148 1124 2203 cur·

61 2244 178 2323 pora,
204 2238 245 2298 ut
259 2227 308 2297 ita
325 2226 462 2315 dicam,
487 2225 690 2299 umbrarum
705 2226 843 2299 iliarum
861 2223 1051 2301 efficientia
1065 2246 1123 2300 ac·

63 2327 224 2418 cipiunt,
249 2323 368 2398 fimilia
390 2326 516 2397 umbra
542 2342 620 2397 non
647 2325 777 2412 deture
803 2326 1012 2415 quibuadam
1030 2348 1123 2401 vero

61 2426 359 2499 omnino‘umbra
373 2445 450 2498 non
468 2425 593 2498 detur:
619 2424 693 2496 hoc
715 2426 810 2496 enim
828 2426 869 2496 iis
889 2426 949 2516 qui
968 2446 1122 2522 gnomo·
1183 2508 1187 2517 ,

63 2525 165 2598 nicar
182 2521 395 2615 questiones
415 2526 688 2614 umbrarumque
705 2522 748 2596 ad
764 2542 900 2617 corpus
920 2525 1125 2603 illuminaria

60 2624 242 2697 tationem
256 2620 486 2715 meditantur,
504 2620 696 2698 manifeste
713 2637 862 2715 apparet
872 2624 978 2697 etiam
994 2626 1032 2697 in
1045 2640 1127 2698 cor·
1213 2680 1222 2697 ,

64 2723 216 2819 poribus
239 2721 415 2794 accidere.
465 2720 612 2797 Etenim
638 2720 848 2813 quibusdam
874 2723 1000 2795 umbra
1026 2736 1127 2798 caret
1227 2760 1229 2768 ·

65 2820 178 2913 stylus
204 2835 307 2894 certo
333 2820 488 2912 quodam
512 2834 700 2914 tempore:
725 2821 801 2892 aliia
829 2822 990 2901 umbram
1015 2821 1128 2897 habet

66 2921 220 2994 brevem
232 2918 265 2992 δι
277 2922 400 2993 inania
416 2941 521 3012 quam
536 2923 574 2992 in
587 2921 665 2990 aliia
677 2921 890 3016 longiorem.
941 2922 1025 2995 Nec
1038 2922 1127 2996 illud

67 3022 351 3116 igiturmagnum
368 3022 437 3093 erit
449 3019 474 3093 ss
487 3022 562 3111 ejus
576 3016 729 3091 consilio
743 3019 804 3109 qui
822 3020 1001 3112 praecipua
1018 3022 1129 3097 nobit

67 3121 216 3216 largitur
232 3119 433 3192 rationibus
451 3117 663 3209 quibusdam
685 3119 841 3190 occultis
859 3124 969 3209 atque
982 3120 1129 3215 secreti·

67 3213 1129 3315 proaccipientis&temporismodufiatutcumpraeeipua

69 3318 214 3409 dantur,
225 3320 331 3389 nuilae
342 3319 535 3409 aliquando
549 3318 701 3389 omnino
710 3313 1128 3421 sequantururubrte'tajli·

71 3418 218 3509 quando
240 3436 317 3489 non
335 3419 496 3491 omnium
509 3415 598 3508 unt,
618 3412 677 3487 sed
691 3418 915 3508 aliquorum,
936 3416 1129 3508 aliquunde

70 3518 233 3602 minores
255 3518 399 3589 aliarum
421 3515 695 3609 comparatione
707 3513 882 3606 majorum
902 3534 981 3607 qua
998 3516 1067 3589 elia
1079 3514 1132 3589 se·

73 3628 244 3708 quuntur.
272 3615 327 3686 Ut
341 3617 448 3710 igitur
461 3618 495 3688 ei
511 3616 571 3708 qui
587 3612 718 3687 solarer
736 3614 1007 3708 quaeritradior‚
1033 3611 1131 3709 post·
1223 3692 1226 3697 ,

73 3734 180 3807 quam
198 3737 263 3789 eos
280 3713 456 3793 affecutus
472 3713 546 3808 est,
571 3715 647 3788 five
668 3712 755 3787 adsit
767 3712 892 3786 umbra
908 3714 1074 3807 corporis
1089 3707 1147 3786 sn.

57 3833 124 3900 ,ve
148 3812 256 3911 abiit,
288 3835 408 3910 raeque
427 3814 588 3909 jucunda
611 3814 673 3890 illa
700 3810 775 3907 est,
808 3832 930 3907 neque
958 3805 1132 3909 molesta,

995 3930 1099 3985 marn
