2498 4254
244 170 323 250 nn
371 164 707 264 rntncnns,
756 164 946 247 arant
1023 113 1119 267 ἠς
1206 244 1211 271 ,

66 334 121 413 est
139 337 311 425 ambitio,
327 335 507 427 ‘avaritia
532 332 730 425 amulario,
753 330 909 426 invidia,
936 328 1118 430 mperbia,

69 437 171 511 &his
189 437 309 509 similia
322 459 333 510 t
346 456 439 509 :cum
455 433 581 526 quibua
598 452 751 529 pugnam
765 431 950 525 quondan
966 432 1037 515 effe
1056 435 1119 509 hu·

65 556 179 611 manae
209 532 345 628 menti,
378 535 441 607 vel
472 532 606 626 spiritui
636 531 829 625 videntes,
862 530 948 607 ideo
982 531 1120 609 causam

68 634 228 709 omnium
246 636 376 707 horum
393 636 570 707 malorum
586 652 663 703 non
677 644 822 725 ponunt
841 630 936 704 aliud
951 632 1036 725 quid
1055 634 1120 709 nin

65 734 161 807 hanc
171 733 217 806 de
233 754 302 826 qua
315 731 473 825 superius
487 732 658 826 diximus,
683 733 787 803 velot
804 733 1030 825 corporalem
1048 735 1120 807 ani·

65 854 160 907 mam
188 833 223 905 δι
249 854 293 907 ex
325 830 463 905 seminis
487 830 635 905 traduce
658 842 872 928 generatam.
933 828 1120 907 Adhibere

66 952 214 1025 quoqne
228 933 271 1005 ad
285 929 509 1006 offertionem
519 932 651 1005 horum
659 931 767 1005 etiam
778 929 868 1013 illud
878 929 1120 1007 testimonium

64 1030 239 1124 Apostoli
251 1032 388 1123 solent,
415 1030 514 1123 quod
530 1032 599 1105 ait:
625 1028 804 1129 Manzfpia
823 1033 1017 1122 autemsani
1029 1053 1120 1131 opera

65 1134 193 1219 carnis,
228 1157 294 1229 qua
311 1136 394 1218 sunt
419 1131 614 1222 fornicatio,
647 1133 866 1218 immunditia,
900 1134 1118 1229 impudicitia,

67 1231 269 1325 idololatria,
297 1232 476 1325 verreficia,
507 1233 707 1325 inimicitia,
737 1233 968 1325 contentiones,
992 1232 1121 1305 amaia·

64 1335 188 1417 riam,
213 1340 287 1421 ira,
312 1338 408 1418 rixa,
435 1330 643 1429 dssmfiones,
667 1334 811 1421 hareses,
831 1330 943 1420 seiiae,
966 1334 1119 1421 invidia,

65 1433 261 1518 ebrietates,
296 1431 539 1525 cameffirumer,
570 1426 610 1507 si
627 1430 679 1503 iris
689 1431 825 1528 statilia:
857 1429 1017 1505 dicentes
1040 1452 1120 1507 non
1223 1431 1226 1437 ¹

62 1529 142 1605 hae
167 1530 288 1605 omnia
312 1530 357 1605 de
380 1529 444 1603 usu
466 1530 529 1605 vel
548 1530 784 1613 deleiiatione
803 1531 917 1604 carnis
943 1531 1119 1626 originem

60 1631 238 1725 trahere,
262 1630 313 1703 ita
331 1644 373 1704 ut
385 1639 558 1723 putentur
575 1631 650 1722 ejus
666 1627 861 1704 substantia
876 1650 954 1723 quae
968 1630 1119 1705 animam

64 1751 141 1803 non
162 1729 299 1823 habet,
324 1730 361 1802 id
381 1729 432 1803 est
446 1729 589 1824 carnis,
620 1731 658 1803 hi
672 1748 796 1815 omnes
816 1742 937 1803 motus
956 1728 1116 1804 existere.

63 1827 135 1903 sed
151 1827 285 1902 &illud
301 1828 400 1921 quod
412 1829 481 1901 ait:
511 1828 624 1901 Μάριε
630 1828 757 1921 [ratres
765 1833 958 1900 vocationem
972 1829 1118 1920 aelirum,

63 1934 212 2025 portiom
232 1953 297 1999 eron
321 1930 416 1999 multi
438 1933 524 1999 inter
539 1952 595 1999 vos
610 1926 766 2024 finientes
782 1926 951 2017 fetandum
972 1952 1134 1999 cornone.

62 2028 109 2101 ad
132 2028 207 2101 hoc
234 2029 416 2101 videbitur
437 2026 704 2120 inclinandum,
735 2039 779 2099 ut
796 2026 941 2120 propria
959 2026 1120 2120 quadam

62 2126 231 2203 videatm
246 2127 314 2203 esse
333 2127 480 2201 carnalis
494 2148 535 2199 ac
548 2126 737 2201 materialis
754 2125 947 2223 sapientia,
974 2128 1041 2199 alia
1054 2148 1120 2202 ve·

64 2227 171 2301 rosit
192 2223 359 2319 sapientia
374 2225 563 2301 secundum
583 2226 762 2321 spiritum,
796 2246 874 2322 qua
894 2228 1019 2318 utique
1041 2240 1119 2301 oon

63 2324 186 2421 potest
201 2326 271 2399 dici
285 2324 470 2443 sapientia,
495 2326 558 2401 nist
571 2326 614 2399 srt
628 2326 743 2399 anima
754 2325 892 2419 carnis,
919 2322 1118 2441 quaesapiat

63 2426 139 2501 hoc
154 2426 253 2518 quod
280 2428 394 2503 carnis
409 2425 578 2519 sapientia
592 2426 811 2501 nominatur.
859 2422 998 2499 Adhaec
1018 2426 1118 2498 aiunt

10 2540 12 2546 ’
65 2526 173 2599 etiam
187 2525 291 2598 illud·
317 2530 358 2598 Si
375 2550 446 2597 raro
467 2542 620 2623 repugnat
636 2526 785 2617 adversus
796 2526 973 2620 spiritum,
1000 2525 1040 2601 (i
1049 2526 1119 2619 spi·

10 2600 14 2725 i
63 2632 152 2697 ritus
167 2625 317 2715 adversus
332 2650 478 2713 carnem,
501 2627 557 2699 uti
570 2645 647 2699 non
662 2646 739 2717 quae
754 2626 922 2699 volumus
940 2616 1000 2697 illa
1012 2622 1119 2696 sacia·

10 2806 12 2812 ,
10 2746 162 2817 mus,
189 2746 267 2816 qua
280 2724 361 2799 sunt
375 2725 421 2801 de
438 2724 563 2818 quibus
583 2724 670 2797 dicit
687 2738 729 2797 ut
747 2744 825 2799 non
839 2744 918 2817 quae
935 2724 1117 2817 volumno,

10 2820 12 2901 ἶ
62 2822 263 2899 iaciamus?
296 2822 442 2899 Certum
466 2822 539 2913 est,
573 2824 699 2915 aiunt,
726 2822 772 2897 de
791 2822 1010 2916 spiritunon
1028 2822 1116 2909 dicia

62 2944 140 3011 non
160 2924 255 2997 enim
271 2925 441 2999 voluntas
461 2921 601 3017 spiritus
623 2922 847 3016 prohibetur.
909 2920 979 2996 Sed
997 2940 1116 3011 neque

63 3023 109 3099 de
128 3042 254 3096 carne:
279 3025 361 3114 quia
380 3023 405 3096 fi
421 3023 619 3097 nonhabet
640 3022 791 3097 animam
808 3023 1012 3115 propriam,
1041 3019 1116 3095 fine

64 3122 177 3197 dubio
191 3143 260 3195 nec
272 3125 498 3197 voluntatem
512 3122 668 3197 habebit.
718 3120 884 3215 Superest
899 3141 985 3217 ergo
1004 3133 1046 3191 ut
1069 3118 1115 3193 de

62 3222 169 3337 hujus
185 3223 307 3296 anima
321 3225 512 3297 voluntate
524 3222 661 3295 dicatio
671 3242 749 3314 qua
758 3223 890 3295 habere
901 3218 1021 3314 potest
1032 3238 1117 3313 pro·

61 3325 175 3415 priam
192 3322 445 3417 voluntatem,
478 3343 554 3415 qnae
572 3323 696 3412 ntique
712 3319 918 3399 adversatur
934 3318 1115 3392 voluntati

63 3420 216 3516 spiritus.
265 3418 417 3495 Etsirta
429 3420 499 3515 est
527 3419 667 3495 constat
678 3418 778 3512 quod
791 3421 895 3509 hujus
910 3419 1033 3491 animae
1044 3438 1114 3490 vo·

62 3520 181 3597 luntas
196 3520 354 3613 quadam
362 3520 477 3595 media
489 3520 561 3594 est
550 3533 644 3594 mter
661 3534 803 3595 carnem
814 3516 1034 3611 &spiritum
1047 3514 1115 3591 uni

62 3620 136 3699 sine
153 3618 263 3693 dubio
285 3640 305 3693 e
322 3620 462 3693 duobus
479 3615 662 3713 serviens,
692 3618 1015 3713 διοιιιειιιρειιιιι.
1041 3614 1113 3687 eui·

63 3741 217 3812 cumque
241 3719 489 3837 obtemperare
513 3719 695 3815 delegerit.
745 3720 848 3819 Quae
867 3736 948 3791 cum
968 3712 1003 3791 se
1019 3716 1113 3789 dele·
1155 3738 1163 3749 ·

10 3821 17 3845 '·
62 3818 278 3899 nationibus
292 3820 406 3895 camis
421 3818 749 4017 subdidergt,¹
651 3819 818 3895 annaeo
777 3810 1124 3997 homines&

422 3978 438 3993 ..
622 3940 692 3999 Μ]
993 3974 1003 3987 ,
1051 3992 1059 4006 .
1130 3968 1152 3977 ..
