2498 4254
77 126 129 206 ιο
308 107 815 216 -pn1enn1s
947 81 950 87 ’
1053 94 1058 105 “

79 278 180 379 quod
202 296 280 353 non
304 273 521 368 indiscreto,
559 277 623 352 vel
647 276 804 353 fortuito
830 274 950 370 aliquo
977 272 1061 352 casir
1075 249 1149 355 'vei

106 380 300 475 rincipatus
319 389 468 452 teneant
483 373 747 473 principatum,
774 378 835 451 vel
858 378 979 451 caeteri
999 376 1148 455 ordiner

79 408 181 559 suurn
203 474 348 573 quisque
369 477 536 550 sortiatur
552 473 730 569 officium,
764 470 823 551 sed
836 498 906 572 pro
923 478 1060 552 meritis
1078 476 1146 554 suit

80 578 231 679 gradum
262 576 445 675 dignitatis
477 575 579 668 hujus
606 574 724 671 adepti
749 575 854 669 sunt,
887 578 974 651 licet
1003 576 1145 651 nonsit
1185 649 1187 656 .

79 679 242 762 nostrum
262 678 326 751 vel
342 675 455 769 scire,
481 674 541 747 vel
564 695 721 767 quarere
744 676 806 769 qui
829 677 880 749 illi
897 676 993 752 auus
1012 672 1146 777 suerint
1185 753 1187 760 ,

79 800 148 959 ger
174 799 267 872 quos
291 776 330 851 in
355 774 459 850 istum
484 773 644 849 ordinem
669 777 797 849 venire
820 778 1029 852 meruerint.
1076 774 1144 854 Sed
1184 783 1187 799 '

110 901 157 954 oc
174 890 315 952 tantum
334 872 423 949 scire
448 872 570 949 suffieit
602 875 646 949 ad
670 874 744 949 Dei
768 878 969 970 aequitatem
995 880 1030 950 dt
1050 874 1143 971 justi·
1183 866 1186 886 ²

81 982 169 1057 tiam
185 974 510 1069 demonstrandam,
537 975 619 1069 quia
630 972 821 1049 secundum
837 973 1048 1050 sententiam
1062 995 1142 1073 apo-
1181 985 1187 1062 ζ

81 1079 166 1159 stoli
187 1078 287 1152 Pauli
311 1077 509 1169 personarunt
529 1094 661 1171 acceptu
677 1101 741 1146 mu
763 1076 803 1172 efl
824 1084 904 1173 apud
938 1085 1060 1169 slent,
1086 1067 1144 1170 qui¹

82 1181 209 1279 potius
232 1176 353 1251 omnia
372 1194 439 1268 pro
461 1175 595 1249 meritis
621 1175 837 1272 singulorum
860 1174 1142 1271 profeuibusque

84 1275 273 1373 dispensat.
337 1272 469 1367 Neque
493 1297 580 1372 ergo
607 1277 816 1371 angelorum
835 1274 993 1351 officium
1015 1276 1141 1352 nisiex

83 1376 252 1477 profestu
269 1373 333 1449 suo
356 1389 464 1471 agunt
476 1374 709 1472 potestatem,
732 1396 850 1467 neque
872 1398 949 1469 quae
963 1373 1142 1450 nominan-

81 1495 144 1553 tur
166 1476 291 1569 sedes,
316 1472 424 1550 idest
444 1476 647 1567 judicandi,
678 1477 742 1548 vel
759 1476 904 1571 regendi
930 1474 1141 1571 potestates,

83 1579 147 1672 id,
172 1576 235 1651 nili
257 1597 302 1649 ex
319 1574 479 1668 meritis,
504 1574 763 1679 administrant,
790 1598 908 1668 neque
934 1574 1145 1668 dominatioq

84 1698 153 1755 nes
188 1691 319 1753 eontra
348 1676 513 1751 meritum
548 1674 859 1749 dominanturt&
893 1674 944 1749 est
968 1697 1060 1748 unus
1084 1672 1142 1749 iste

84 1778 239 1855 firmmus
264 1774 621 1851 &excellentissimus
644 1774 738 1849 ordo
759 1776 798 1849 in
821 1774 1015 1849 caelestibus
1040 1774 1142 1849 ratio·

85 1877 215 1954 nabilis
240 1894 412 1950 creaturae
458 1871 591 1950 loriosa
616 1871 818 1951 officiorum
842 1874 1020 1949 varietate
1035 1873 1142 1970 dispo·
1185 1947 1187 1954 .

85 1977 184 2056 situs.
232 1973 402 2051 Similiter
422 1898 509 2050 'lgane
529 1977 637 2050 etiam
662 1974 707 2050 de
727 1972 934 2050 adversariis
955 1973 1143 2060 virtutibus

87 2076 312 2153 sentiendum
334 2073 410 2169 est,
436 2096 514 2168 quae
535 2074 628 2149 sein
651 2075 689 2150 id
709 2076 783 2148 loci
804 2091 912 2169 atque
933 2072 1043 2149 officii
1064 2093 1149 2171 pra-2

86 2179 272 2268 buerunt,
294 2188 337 2247 ut
358 2172 433 2247 hoc
460 2175 560 2267 quod
582 2175 822 2270 principatus,
851 2176 910 2248 uel
927 2174 1151 2268 potestates„

84 2279 151 2350 vel
169 2274 291 2351 mundi
309 2272 468 2346 reiteres
485 2275 735 2367 tenebrarum,
763 2279 824 2348 vel
845 2270 1010 2368 spiritalia
1029 2272 1146 2367 nequi·

86 2376 168 2468 tiae,
205 2373 269 2448 vel
301 2372 441 2466 spiritus
474 2374 638 2471 maligni,
671 2373 733 2448 vel
767 2374 942 2449 daemonia
974 2373 1148 2449 mmundr

86 2474 192 2565 sunt,
218 2493 296 2547 non
312 2470 584 2549 substantialiter
604 2474 640 2548 id
660 2476 836 2568 habeant,
862 2497 979 2567 neque
997 2476 1081 2567 quia
1102 2485 1146 2548 ta·

85 2575 142 2653 les
168 2575 275 2647 etiam
301 2574 413 2647 creati
438 2570 540 2668 sunt,
566 2572 625 2649 sed
650 2595 718 2669 pro
743 2575 902 2649 motibus
929 2573 1049 2650 suis&
1073 2594 1154 2669 pro-

86 2673 241 2753 festibus
262 2674 390 2765 quibus
415 2673 453 2746 in
478 2672 611 2749 scelere
635 2674 895 2772 profecerunt,
920 2674 989 2747 hos
1013 2674 1149 2749 malitia

84 2773 205 2853 sortiti
222 2770 304 2847 sunt
319 2773 459 2871 gradus.
508 2772 559 2848 Et
579 2774 630 2849 est
649 2777 739 2849 alter
759 2774 824 2849 iste
845 2774 939 2849 ordo
962 2771 1157 2864 rationabiq.

85 2876 132 2953 lis
152 2886 346 2967 creaturae,
372 2874 432 2966 qui
457 2871 493 2949 se
518 2876 569 2949 ita
593 2896 751 2972 preceps
777 2874 944 2969 nequitiae
969 2874 1090 2967 dedit,
1112 2884 1151 2950 ut

85 2975 258 3053 revocari
273 2974 369 3048 nolit
386 2976 497 3071 magis
515 2997 620 3068 quam
635 2997 711 3049 non
730 2974 855 3069 polin,
883 2975 967 3049 dum
983 2972 1153 3052 scelerum

85 3079 204 3153 rabies
221 3076 294 3169 jam
310 3073 425 3148 libido
442 3074 513 3171 est,
540 3073 753 3151 &delesiat
778 3072 927 3149 Tertius
948 3096 1040 3149 vero
1062 3094 1154 3149 eres·

87 3189 180 3251 turae
205 3174 426 3250 rationabilis
453 3174 546 3249 ordo
574 3173 625 3250 est
649 3196 770 3250 earum
795 3197 873 3267 que
899 3174 942 3247 ad
962 3174 1155 3251 humanum

86 3296 203 3374 genus
227 3274 439 3369 replendum
462 3288 554 3370 aptae
573 3276 780 3368 judicantur
797 3298 817 3347 a
834 3274 942 3366 Deo,
967 3273 1004 3348 id
1024 3272 1077 3349 est
1088 3272 1156 3349 ani·

88 3396 157 3452 rnae
177 3375 389 3470 hominum,
414 3395 479 3469 per
497 3373 699 3469 profesium
723 3377 828 3451 etiam
843 3374 881 3450 in
894 3373 994 3449 illum
1014 3376 1157 3473 angelo·

89 3494 171 3551 rum
196 3475 359 3552 ordinem
381 3474 554 3551 assumtae:
576 3497 623 3551 ex
645 3476 772 3568 quibus
798 3474 971 3567 quosdam
992 3475 1160 3553 videmur

91 3571 235 3669 assumi,
260 3576 344 3649 illos
364 3576 539 3653 videlicet
557 3578 617 3669 qui
636 3572 701 3649 filii
716 3574 790 3651 Dei
812 3573 896 3649 fasti
913 3574 1069 3669 fuerint,
1095 3573 1164 3656 vel.

92 3669 458 3773 filiiresurredtionis,
482 3679 546 3753 vel
565 3676 603 3751 hi
618 3676 678 3769 qui
697 3675 951 3769 dereliquerint
967 3676 1157 3770 tenebras,

91 3773 130 3851 u
152 3774 345 3855 dilexerint
364 3776 511 3880 lucem,
536 3776 572 3855 dt
594 3774 679 3853 fasti
702 3772 838 3855 fuerint
860 3774 925 3854 filii
946 3775 1060 3851 lucis:
1070 3771 1160 3955 h{rel
