2498 4254
1118 96 1121 101 .
1182 37 1193 75 l

30 112 130 225 'aa
224 162 227 167 ·
409 117 813 201 ORIGENIS
1186 138 1193 235 -1·

83 277 267 374 demtum.
319 286 410 385 Quae
422 284 539 378 imago
553 285 658 359 etiam
672 297 808 358 nattuae
819 306 859 359 ac
874 282 1071 363 substantie
1087 308 1153 385 pa·
1190 272 1193 351 J

83 390 148 464 tris
165 381 275 459 &filii
292 384 458 456 continet
471 383 655 459 unitatem.
705 384 742 456 Si
756 386 851 458 enim
868 388 988 461 omnia
1003 410 1082 479 quae
1098 388 1158 467 fa·:
1191 400 1193 473 ξ

85 489 137 563 eit
160 496 282 580 pater,
306 484 382 556 haec
408 478 557 554 &filius
585 482 672 556 facit
702 483 879 579 similiter,
910 486 948 559 in
973 509 1020 559 eo
1047 488 1151 581 quod

85 587 206 663 omnia
219 584 270 657 ita
283 582 368 657 facit
382 578 474 654 filius
491 582 580 655 licut
595 596 716 676 pater,
738 585 859 679 imago
882 586 992 678 patris
1011 586 1049 659 in
1070 584 1149 663 filio
1186 632 1193 697 1

84 686 325 775 deformatur,
351 682 411 775 qui
423 681 547 772 utique
564 694 670 767 natue,
678 704 724 754 ex
738 705 784 755 eo
803 683 854 755 est
867 684 971 758 velut
988 687 1160 777 quaedam·
1185 752 1193 806 1

83 786 254 858 voluntas
276 783 351 875 ejus
366 804 411 854 ex
429 794 550 854 mente
564 782 777 876 procedens.
827 781 877 856 Et
897 784 981 857 ideo
994 780 1150 882 aego'ar-
1189 807 1193 871 ι

81 884 199 961 bitror
221 882 318 974 quod
344 878 502 954 sufficere
527 880 656 954 debeat
685 883 856 954 voluntas
876 885 987 976 patris
1007 885 1052 957 ad
1070 882 1149 959 sub·
1165 878 1193 933 =²

82 982 270 1062 fistendum
296 981 369 1053 hoc
396 978 495 1072 quod
511 981 593 1053 vult
611 994 723 1077 pater.
786 982 929 1055 Volens
955 984 1049 1057 enim
1070 1004 1149 1059 nun
1186 1054 1191 1059 .

83 1085 150 1158 alia
171 1083 231 1155 via
255 1081 394 1173 utitur,
419 1078 481 1151 nist
505 1101 582 1170 quae
608 1080 756 1154 confilio
783 1082 982 1155 voluntatis
1007 1082 1149 1176 profer·
1178 1146 1181 1153 .

54 1200 153 1259 aur.
204 1182 259 1253 lta
283 1194 370 1274 ergo
403 1174 524 1251 &filii
554 1177 769 1253 subsistentia
793 1194 984 1275 generatur
1016 1182 1149 1261 abeo.
1191 1192 1193 1197 '

84 1274 197 1382 Quod
213 1278 351 1352 neceffe
373 1277 424 1352 est
442 1279 479 1349 in
500 1279 621 1370 primis
640 1278 762 1373 suscipi
778 1282 820 1351 ab
838 1281 892 1353 his
914 1281 974 1371 qui
990 1281 1082 1357 nihil
1096 1283 1150 1357 in-

80 1381 265 1476 genitum,
290 1378 327 1451 id
343 1376 399 1467 est¹
408 1379 567 1452 innatum
581 1391 710 1474 praeter
734 1377 846 1453 solum
868 1378 988 1453 Deum
1010 1380 1149 1475 patrem

81 1481 253 1555 fatentur.
305 1477 577 1551 Observandum
598 1499 750 1570 namque
770 1477 842 1575 est,
868 1501 915 1551 ne
936 1479 1012 1570 quis
1030 1482 1149 1553 incur·

81 1594 138 1653 tat
155 1581 192 1651 in
211 1579 286 1649 illas
311 1574 473 1651 absurdas
496 1575 633 1650 fabulae
655 1596 811 1669 eorum,
844 1578 903 1669 qui
921 1574 1147 1673 piolationea

82 1679 252 1771 quasdam
270 1677 428 1774 sibiipsis
450 1676 667 1773 depingunt,
691 1690 734 1750 ut
754 1676 909 1749 divinam
929 1692 1093 1753 naturam
1110 1682 1150 1757 in

79 1792 201 1874 partes
227 1788 388 1868 vocent,
415 1775 592 1849 &Deum
617 1791 755 1871 patrem
780 1779 1010 1869 quantumin
1035 1778 1071 1851 se
1097 1778 1169 1855 est·

67 1876 269 1974 dividant,
295 1898 377 1950 cum
398 1873 471 1948 hoc
490 1875 533 1949 de
552 1877 769 1970 incorporea
789 1889 915 1949 natura
937 1878 999 1951 vel
1014 1878 1149 1953 leviter

80 1976 265 2070 suspicari,
290 1996 367 2067 non
389 1970 503 2049 solum
526 1988 693 2051 extremae
717 1975 991 2069 impietatum,
1017 1998 1150 2055 verum

80 2078 189 2152 etiam
206 2074 338 2149 ultimae
359 2075 590 2170 insipientiae,
623 2096 691 2149 nec
712 2076 860 2148 omnino
886 2074 929 2147 ad
948 2076 1158 2174 intelligem

21 2206 27 2227 ·
76 2174 399 2266 tiam-consequens
414 2188 456 2245 ut
465 2174 691 2268 incorporeae
704 2190 839 2247 naturae
854 2170 1084 2251 substantialis
1099 2178 1162 2251 di···

78 2274 173 2347 visio
193 2272 297 2367 poffit
313 2271 473 2367 intelligi.
520 2272 638 2370 Magis
657 2294 743 2368 ergo
766 2274 854 2347 ficut
871 2276 1041 2347 voluntas
1062 2297 1151 2371 pros

83 2374 180 2447 cedit
197 2396 218 2445 e
238 2385 385 2464 mente,
412 2370 446 2444 &
470 2393 587 2463 neque
609 2388 747 2466 partem
773 2374 922 2464 aliquam
941 2374 1073 2449 mentis
1097 2374 1153 2453 se·

82 2488 163 2563 cat,
189 2492 306 2564 neque
317 2474 359 2544 ab
374 2493 420 2563 ea,
428 2468 606 2565 separatur
627 2485 688 2545 aut
704 2473 896 2567 dividitur,
919 2474 980 2546 tali
996 2476 1159 2567 quadam.

79 2570 198 2666 specie
222 2571 400 2666 potandus
426 2570 476 2647 est
500 2587 602 2671 pater
634 2570 746 2647 filium
779 2572 934 2668 genuisse
957 2574 1151 2671 imaginem

81 2670 217 2745 scilicet
231 2666 349 2764 suam,
374 2686 416 2744 ut
431 2672 520 2746 ficut
536 2671 608 2766 ipse
623 2673 804 2746 invisibilis
821 2671 872 2745 est
890 2692 955 2766 per
969 2688 1169 2771 neutram„

78 2772 132 2852 ita
152 2770 338 2867 imaginem
359 2791 503 2864 quoque
523 2773 731 2847 invisibilem
752 2772 925 2867 genuerit.
980 2774 1152 2854 Verbum

84 2873 180 2946 enim
194 2868 495 2961 estfilius,&ideo
506 2872 637 2945 nihilin
646 2895 692 2946 eo
706 2871 863 2945 senfibile
876 2872 1150 2968 intelligendum

84 2970 147 3047 est.
197 2970 377 3064 Sapientia
401 2970 471 3064 est,
504 2969 787 3065 &in'sapientia
812 2967 900 3044 nihil
926 2990 1166 3075 corporeum..

59 3114 62 3119 -
84 3068 325 3165 suspicandum
341 3069 402 3145 est.
453 3070 591 3145 Lumen
608 3069 658 3143 est
678 3092 827 3164 verum,
855 3072 954 3162 quod
969 3072 1151 3149 illuminat
1166 3050 1191 3095 ⁵

82 3190 229 3244 omnem
250 3170 433 3246 hominem
450 3172 659 3243 venientem
678 3173 712 3243 in
739 3172 834 3243 hunc
851 3170 1060 3264 mundum‚'
1087 3170 1156 3251 seu

79 3268 169 3343 nihil
182 3270 291 3342 habet
304 3290 494 3342 commune
507 3270 550 3341 ad
567 3268 648 3342 solis
665 3272 769 3362 hujus
789 3273 920 3346 lumen.
952 3271 1078 3367 Imago
1093 3294 1177 3363 ter-,-

69 3386 132 3465 go
154 3366 397 3441 estinvifibilfs
413 3366 480 3440 Dei
501 3370 611 3463 patris
627 3368 795 3442 Salvator
808 3371 949 3464 noster,
974 3386 1156 3462 quantum-

82 3467 129 3543 ad
150 3466 260 3562 ipsum
281 3469 421 3558 quidem
437 3481 575 3561 patrem
594 3470 745 3542 veritas·
772 3485 942 3561 quantum
960 3486 1081 3545 autem
1100 3468 1166 3547 ad'

80 3587 152 3641 nos
169 3569 294 3657 quibus
316 3569 456 3640 revelat
472 3574 632 3661 patrem,
658 3569 774 3663 imago
790 3567 841 3641 est
859 3586 923 3662 per
939 3590 1044 3661 quam
1060 3592 1150 3669 cog·

79 3663 258 3743 noscimus
277 3680 435 3760 patrem,
461 3688 566 3759 quem
586 3689 694 3743 nemo
713 3670 800 3742 alius
817 3671 927 3741 novit
944 3668 1005 3742 nisa
1028 3664 1148 3764 filius,

79 3764 194 3843 &eui
216 3767 378 3840 voluerit
406 3762 499 3841 filius
527 3770 700 3843 revelare.
755 3767 914 3842 Revelat
939 3782 1059 3943 autelm
1081 3790 1150 3889 per

1044 3889 1094 3944 oc
