2498 4254
137 183 210 261 594
457 153 870 277 o‘Rloule

134 317 375 412 tricorporis
396 319 471 411 eius
493 322 655 394 coercita
679 321 714 395 dt
737 317 939 413 conscripta
955 317 1200 413 brevitatem,

135 444 206 500 nec
239 438 387 512 usquam
422 433 594 514 preterea
626 435 775 514 putetur
806 435 980 514 operata:
1014 419 1071 492 sed
1102 421 1198 493 inter

134 536 328 612 utrumque
348 535 452 594 cauta
476 521 620 613 pietatis
641 521 750 595 debet
765 519 834 596 else
852 519 1058 611 conscilio,
1076 534 1118 592 ut
1137 541 1201 593 ne·

136 645 207 717 que
225 620 356 713 aliquid
372 618 568 693 divinitatis
585 622 622 694 iii
639 620 780 695 Christo
796 618 942 695 defuisse
959 619 1146 712 credatur,
1165 619 1203 701 dt

136 723 235 799 nulla
248 720 391 817 penitus
408 734 588 814 apaterna
603 720 793 796 substantia
811 743 888 813 quae
902 720 1035 810 ubique
1052 718 1123 812 est,
1151 718 1203 792 sa-

52 860 58 869 ·
137 823 363 917 ttaputetur
382 818 452 894 else
472 820 609 898 divisio.
660 821 752 897 'sale
769 842 921 912 namque
940 819 1069 911 aliquid
1092 818 1202 896 etiam

136 921 294 1016 Baptista
313 920 470 1015 joannes
491 921 657 1015 indicat,
691 944 774 997 cum
794 920 1032 1014 corporaliter
1051 917 1203 1000 absente

136 1022 220 1120 Jesu
241 1023 377 1096 diceret
404 1021 448 1095 ad
467 1021 614 1097 turbas:
645 1027 777 1096 Medius
800 1024 935 1118 veJlrum
946 1020 1124 1118 statquem
1143 1044 1202 1093 voa

65 1129 66 1133 ’
136 1124 284 1215 nescitis,
310 1128 366 1220 qui
382 1122 448 1219 post
463 1145 510 1192 me
526 1127 643 1212 venit,
667 1129 757 1216 cujus
773 1148 839 1193 unii
862 1123 926 1198 (um
950 1125 1058 1197 dimus
1076 1120 1203 1209 stivert

136 1230 302 1314 corrigiam
324 1222 613 1295 calceamentorum.
670 1222 783 1323 Quod
800 1222 924 1317 utique
941 1220 1012 1295 dici
1035 1239 1113 1293 non
1134 1241 1204 1312 po,

136 1335 233 1399 terat
249 1321 294 1394 de
306 1343 353 1396 eo
373 1322 433 1413 qui
446 1319 569 1397 absens
590 1336 689 1415 erat,
717 1337 888 1415 quantuni
907 1322 951 1394 ad
971 1321 1202 1412 corporalem

40 1512 44 1517 Ι
136 1421 357 1518 praesentiam
375 1423 553 1516 pertinet,
581 1423 664 1514 quia
682 1422 819 1497 medius
836 1421 946 1498 staret
960 1441 1087 1495 eorum
1104 1419 1203 1495 inter

111 1585 114 1590 ,
136 1543 230 1620 quos
248 1541 324 1596 non
342 1520 464 1597 aderat
481 1523 722 1618 corpora-liter
742 1519 835 1596 silius
854 1523 937 1597 Dei.

215 1643 273 1715 31.
298 1620 359 1699 Ne
376 1622 454 1717 quis
475 1635 595 1698 tamen
607 1643 677 1699 nos
691 1621 866 1698 existimet
877 1642 943 1715 per
959 1619 1036 1695 haec
1047 1616 1136 1693 illud
1151 1616 1203 1693 af·

135 1718 305 1813 firmare,
342 1722 441 1814 quod
457 1743 537 1815 pars
556 1723 672 1819 aliqua
690 1723 831 1805 deitatis
851 1718 916 1796 filii
937 1721 1008 1793 Dei
1031 1717 1141 1792 fuerit
1163 1720 1203 1793 in

137 1820 306 1912 christo,
340 1822 477 1914 reliqua
499 1841 594 1899 vero
614 1844 697 1916 pars
724 1822 808 1897 alibi
833 1824 893 1894 vel
914 1820 1074 1911 ubique:
1101 1814 1204 1908 quod

136 1922 190 1996 illi
212 1920 342 1997 sentire
359 1919 506 2016 possunt
529 1925 590 2015 qui
616 1936 780 1998 naturam
803 1920 999 1998 substantiae
1027 1919 1201 2011 incorpoi

36 2030 44 2039 '
136 2043 208 2098 teae
231 2037 338 2114 atque
357 2022 540 2098 invisibilis
563 2025 742 2119 ignorant.
805 2020 1019 2115 Impossibile
1046 2039 1203 2109 namquo

139 2121 191 2197 est
215 2121 260 2194 de
285 2121 510 2215 incorporeo
534 2136 673 2215 partem
696 2121 789 2213 dici,
816 2137 877 2194 aut
903 2119 1116 2194 divisionem
1142 2118 1203 2191 ali·

138 2243 244 2313 quani
264 2219 365 2314 lieri,
392 2219 452 2296 sed
472 2221 510 2295 io
524 2222 719 2313 omnibus,
746 2222 861 2317 &per
882 2222 1022 2310 omnia,
1048 2219 1083 2291 dt
1096 2215 1204 2310 super

138 2321 261 2396 omnia
276 2318 349 2412 est,
377 2342 424 2393 eo
446 2322 559 2396 niodo
582 2342 656 2413 quo
679 2320 837 2414 superius
865 2321 1037 2409 diximus,
1063 2317 1203 2413 idest,

139 2440 214 2514 quo
230 2421 293 2494 vel
301 2417 501 2515 sapientia,
527 2421 590 2497 vel
610 2425 788 2511 verbum,
816 2420 876 2493 vel
895 2421 993 2510 vita,
1020 2419 1082 2491 vel
1107 2418 1205 2492 veri·

138 2536 194 2595 tas
211 2519 448 2613 intelligitur:
475 2539 539 2613 per
561 2542 666 2613 quain
682 2520 902 2595 intellettum
917 2519 1034 2594 omiiis
1051 2519 1124 2593 fine
1141 2518 1204 2589 du·=

137 2620 202 2695 bio
218 2618 402 2691 conclusio
415 2618 542 2695 localis
557 2620 771 2697 excluditur.
823 2621 966 2695 Volent
986 2619 1093 2714 igitur
1109 2615 1204 2692 filim

20 2796 23 2801 ,
136 2718 210 2794 Dei
231 2738 301 2814 pro
321 2714 433 2792 salute
448 2720 588 2816 generis
613 2720 756 2795 humani
781 2739 951 2814 apparere
973 2719 1205 2814 hominibus,

139 2817 285 2896 &inter
300 2818 464 2894 homines
483 2819 715 2915 conversari,
741 2817 892 2913 suscepit
904 2840 981 2892 non
993 2815 1107 2892 solum
1123 2837 1204 2891 cor,

137 2940 206 3018 pus
228 2921 452 3011 humanum,
484 2931 529 2993 ut
553 2921 696 3014 quidam
717 2932 877 3015 putant,
904 2916 963 2992 sed
978 2919 1012 2993 δι
1029 2919 1203 3012 animam,

137 3017 340 3098 nostrarum
366 3018 509 3112 quidem
538 3020 731 3097 animarum
758 3019 902 3094 similem
928 3037 993 3112 per
1015 3032 1205 3110 naturam,

137 3119 330 3215 proposito
353 3138 446 3190 vero
464 3117 499 3192 dt
519 3119 658 3196 virtute
674 3119 819 3193 similem
835 3118 918 3210 sibi,
945 3118 1100 3191 &talem
1122 3138 1207 3208 qua.

138 3219 183 3297 lis
211 3239 339 3293 omnes
363 3217 573 3292 voluntates
598 3216 933 3311 &dispensationes
960 3219 1065 3289 verbi
1092 3213 1207 3290 aesc·

137 3317 284 3411 pientiae
303 3316 601 3396 indeclinabiliter
619 3318 724 3414 posit
741 3319 902 3412 implere.
955 3316 1069 3417 Quod
1085 3330 1207 3392 autem

137 3415 487 3508 habueritanimam,
503 3417 771 3496 manifestiffime
783 3415 1207 3516 inEvangeliisdefignat

139 3513 214 3614 ipse
231 3514 423 3609 Salvator,
447 3516 591 3594 dicens:
617 3522 719 3592 Νεηιο
735 3519 820 3592 risit
834 3547 856 3591 n
875 3543 922 3587 me
936 3526 1077 3590 animam
1092 3541 1205 3605 meam,

131 3619 187 3713 sed
206 3640 255 3712 ego
270 3637 349 3711 pana
369 3641 436 3689 eam
453 3617 505 3692 abi
530 3642 589 3692 me.
654 3620 836 3705 Peteliatem
855 3619 951 3691 liabeo
968 3619 1109 3712 ponendi
1128 3622 1206 3692 ani·

139 3741 222 3795 maiia
245 3739 371 3803 meam,
407 3712 449 3812 Φ·
474 3722 592 3792 iterum
614 3720 790 3816 patelierent
813 3719 908 3798 babeo
924 3714 1100 3813 affiimmdi
1120 3741 1205 3792 eamr

137 3813 193 3899 llt
207 3813 368 3904 rursum:
398 3817 514 3929 'Iridis
533 3820 699 3930 diatim
711 3843 779 3897 into
800 3843 898 3933 iisqne
912 3821 954 3895 ad
971 3836 1112 3935 morteu-
1156 3814 1207 3894 Et

969 3934 979 3945 ‘
1087 3928 1157 3998 itt·
