2498 4254
194 174 198 183 ’
295 168 908 280 ouonnuronu
989 160 1128 299 'mr

67 365 185 439 riores
201 361 271 437 eise
289 366 478 460 videntur,
504 368 564 458 qui
586 364 757 439 fincetem
773 363 917 455 quidem
940 362 1132 447 amicitiem

67 464 316 567 monument,
342 464 537 557 &quodin
551 466 759 539 hominibus
774 466 1052 555 pulcherrimum
1065 464 1131 561 eii,

68 564 280 638 charitatem
313 563 503 639 fimulcnt?
539 564 658 662 Ergo,
691 561 866 658 utsupra
899 563 1029 639 dicium
1060 563 1161 655 cst,-

67 667 172 736 cmm's
188 663 327 755 huminis
342 670 418 736 vitu
433 665 529 762 super
552 682 672 739 terrum
689 664 902 762 tentationi:
927 686 1037 758 quere
1051 682 1133 738 ore·

65 784 149 838 mus
175 766 195 834 ri
220 766 426 838 tentatione
451 766 615 856 liberari,
650 784 729 853 non
754 766 825 855 ita,
851 786 900 838 ne
926 779 1131 857 tentemur,

66 859 169 957 (fieri
184 865 281 937 enim
294 862 331 936 id
346 878 434 937 non·
444 862 584 959 potest,
611 864 763 939 maxime
781 884 863 938 cum
879 863 982 957 super
1001 876 1134 937 terram

68 959 217 1060 fimum)
236 961 356 1037 sedne
374 966 504 1055 tentati
520 963 800 1040 succumbamus.
853 965 927 1060 Qui
943 984 1035 1058 vero
1051 976 1132 1045 ten·¹

66 1062 199 1135 tationi
216 1059 437 1155 succumbit,
464 1084 547 1139 eum
564 1063 701 1161 ingredi
718 1065 755 1136 in
777 1062 1021 1137 tentationem
1040 1062 1136 1135 urbi·

67 1173 172 1255 tror,
199 1162 276 1254 ejus
292 1150 409 1239 velu'fl
426 1164 563 1238 retibus
578 1176 746 1257 ceptum:
771 1165 810 1235 in
838 1184 916 1255 quae
939 1166 1030 1236 retia
1046 1180 1135 1254 pro·

66 1272 151 1355 pter
164 1281 242 1349 eos,
269 1264 329 1355 qui
337 1263 409 1355 jam
422 1264 465 1337 iis
486 1265 614 1337 irretiti
630 1275 753 1356 crant,
772 1261 943 1356 ingrediur
955 1261 1162 1353 seruatum·-

64 1380 204 1453 perque
228 1382 272 1433 ea
289 1360 384 1454 quest
400 1383 459 1460 per
475 1367 620 1436 eanredus
639 1363 853 1460 prospiciens,
878 1376 921 1435 ut
943 1363 1073 1436 dicitur
1094 1362 1133 1433 in
1229 1414 1232 1419 -

68 1456 228 1533 Cantico
248 1457 503 1549 Canticorum,
529 1462 816 1559 respondetur»,
839 1463 905 1553 uui
918 1462 989 1554 jam
1003 1459 1135 1533 irretiti
1161 1494 1165 1507 ·
1243 1514 1246 1527 .

66 1556 150 1633 sunt
178 1559 212 1631 dc
237 1562 479 1636 tentationem
502 1562 663 1660 ingredi,
699 1564 821 1653 aitque
839 1565 891 1633 eie
912 1578 982 1636 ceu
998 1556 1136 1654 sponse

66 1654 158 1731 suae:
188 1658 305 1755 Surge,
331 1667 410 1734 vem·
434 1671 580 1758 proximu
602 1688 689 1750 mea,
716 1661 856 1754 formosa
877 1685 960 1745 mcc,
993 1661 1134 1730 cucumin

62 1783 143 1829 mea.
195 1759 390 1836 Addam&
412 1762 489 1834 haec
507 1775 550 1836 ut
569 1760 755 1836 ostendam
775 1762 913 1834 nulium
929 1756 1000 1832 eise
1018 1755 1138 1831 homi·

66 1859 174 1930 nibus
188 1873 330 1952 tempus
350 1862 558 1935 tentatione
582 1882 750 1936 vacuum.
801 1859 863 1933 Ne
885 1859 947 1932 ille
963 1855 1134 1949 quidem,

67 1957 130 2049 qui
143 1959 259 2053 legem
274 1958 427 2034 Domini
442 1960 636 2035 meditatur
652 1961 711 2035 die
725 1980 767 2032 uc
787 1956 916 2050 nocie,
942 1959 976 2029 dr
989 1955 1136 2030 efficere

66 2070 223 2131 conetur
244 2059 344 2149 quod
369 2057 500 2134 dicium
522 2059 590 2133 est:
626 2066 670 2130 os
686 2060 765 2158 'iulii
782 2058 989 2129 meditabitur
1005 2059 1135 2149 sapim·

65 2159 169 2249 tium,
196 2160 440 2235 attentatione
466 2161 634 2236 immunis
656 2158 718 2236 est„
769 2160 889 2257 Quam
914 2158 1019 2233 multi
1036 2157 1137 2229 enim
1220 2186 1224 2192 ·

64 2255 247 2330 sacrorum
266 2258 441 2334 librorum
459 2257 577 2334 studio
602 2257 754 2346 addicti,
788 2277 867 2350 quc
888 2259 926 2330 in
948 2259 1029 2354 lege
1049 2275 1137 2348 pro·

64 2356 260 2451 phetisque
274 2357 546 2452 promiffcsunt,
572 2361 783 2453 acceperint
798 2377 1001 2452 perperam,
1026 2351 1136 2448 seque

63 2458 185 2550 impiis
200 2458 429 2552 dogmatibus
450 2458 638 2554 stultisque
660 2459 695 2531 dc
719 2458 877 2564 ridiculis
893 2455 1137 2551 impliceriut,

65 2556 153 2648 quid
169 2554 312 2630 neceiie
331 2557 382 2632 est
400 2560 548 2653 dicere,
581 2578 665 2633 cum
685 2560 864 2633 innumeri
883 2558 1012 2649 quibus
1026 2554 1140 2649 omii-

64 2676 156 2751 gens
171 2653 279 2728 tectio
296 2678 374 2731 non
388 2660 533 2734 videtur
554 2660 763 2752 exprobrari
781 2655 903 2751 poffe,
929 2660 968 2729 in
985 2652 1138 2728 eosdem

66 2767 190 2827 tamen
220 2774 364 2829 errores
394 2756 645 2855 impegerint?
674 2756 774 2832 Idem
795 2757 829 2828 δι
851 2756 890 2829 in
911 2750 1139 2847 Apostolicit

66 2849 366 2950 Euangelicisque
385 2856 567 2951 scripturis
590 2856 711 2931 multis
730 2855 888 2945 accidit,
911 2853 974 2945 qui
991 2848 1050 2925 suu
1074 2845 1140 2923 fibi
1196 2930 1199 2937 ,

66 2951 212 3026 vesanie
227 2954 334 3027 alium
354 2953 538 3030 finxerunt
551 2954 666 3030 filium
684 2969 746 3029 aut
759 2968 899 3044 patrem
918 2970 1025 3044 quam
1038 2949 1140 3040 quit

10 3106 14 3115 .
65 3048 192 3126 feudiis
216 3050 489 3146 &predicatur
516 3057 551 3128 dt
572 3057 676 3147 juxte
700 3055 892 3127 veritatem
914 3050 1141 3145 intelligitur.

67 3155 145 3252 Qui
164 3151 261 3225 enim
279 3152 325 3227 de
342 3155 429 3228 Deo
445 3155 480 3229 dc
496 3153 640 3230 Christo
655 3155 733 3247 eius
752 3174 841 3227 vera
859 3172 938 3225 non
954 3146 1081 3245 sentit,
1107 3145 1140 3221 it

72 3271 198 3326 aveto
214 3250 301 3326 Deo
319 3255 467 3348 excidit,
493 3259 643 3349 ejusque
656 3254 871 3350 unigenito,
897 3248 1058 3341 &quem
1078 3245 1141 3319 sut
1214 3266 1220 3275 ·

71 3348 133 3423 fibi
150 3349 292 3425 vesania
310 3351 417 3428 finxit
429 3370 570 3451 patrem
591 3349 788 3444 uturum,
816 3370 895 3423 non
910 3366 1038 3422 revere
1052 3346 1141 3419 edo·

72 3456 145 3517 rut:
167 3451 204 3524 id
220 3450 348 3549 padus,
375 3456 474 3549 quod
490 3457 734 3541 tentetionem
751 3472 821 3544 qua
831 3449 1010 3525 sacrorum
1026 3445 1140 3560 libro·

72 3563 153 3617 rum
173 3545 279 3626 leitio
300 3575 378 3629 non
402 3569 531 3648 vacet,
557 3574 636 3629 nun
658 3552 874 3643 adverterit,
909 3568 981 3641 nec,
1000 3543 1141 3619 steterit

73 3655 227 3718 armatus
244 3656 348 3727 velut
364 3657 407 3728 ed
421 3656 612 3731 imminens
626 3666 824 3727 certamen.
876 3645 1064 3722 Orandum
1079 3643 1139 3730 igi·

74 3757 134 3814 tur
148 3740 218 3835 est,
244 3763 321 3817 non
345 3767 393 3819 ne
407 3769 618 3842 tentemur,
642 3749 722 3825 fieri
737 3751 835 3823 enim
853 3749 889 3817 id
909 3762 986 3815 non
1004 3732 1138 3832 potest,

72 3838 134 3916 sed
148 3860 196 3914 ne
211 3863 232 3915 c
246 3848 453 3923 tentetione
467 3848 809 3927 circumveniamurr
833 3838 992 3939 quodiir
1007 3830 1140 3947 eccidit
1169 3870 1175 3897 ι
1199 3836 1202 3853 ·

126 3946 272 4041 organis
298 3940 385 4024 utne
414 3946 481 4027 ιιι.
573 3935 580 3951 ’
717 3942 810 4039 un
1040 3950 1117 4056 u}
