2498 4254
271 117 349 199 nn
397 113 735 215 inruentis,
785 116 959 200 ninii.
1078 142 1147 223 143

83 276 245 361 vitiem
260 284 398 379 aliqua,
422 304 540 375 neque
561 283 802 377 permutatio,
827 306 946 377 neque
961 285 1150 380 impossibi·
1219 336 1222 343 -

83 386 168 463 litas
192 386 337 477 inerat,
364 384 514 476 aequales
536 384 675 455 creavit
698 404 823 457 omnes
849 404 892 456 ac
911 386 1037 461 similes
1056 407 1147 479 quos

88 486 250 577 creavit,
268 485 399 578 quippe
413 504 495 556 cum
508 483 605 555 nulla
619 482 651 555 ei
668 480 768 555 causa
780 478 965 559 varietatis
977 506 1019 557 ac
1031 485 1149 559 diver-

85 584 197 661 fitatis
223 583 402 657 existeret.
452 584 591 655 Verum
616 582 784 673 quoniam
816 584 1047 658 rationabiles
1066 585 1149 679 ipsae

89 672 284 775 melturae,
310 684 400 756 sicut
409 679 617 772 frequenter
628 678 866 775 ostendimus,
891 683 1069 757 &inloco
1082 684 1148 758 suo

88 784 322 859 nihilominus
354 780 607 873 ostendemus,
644 780 779 852 arbitrii
804 781 976 855 facultate
1006 784 1149 857 donatae

70 882 185 957 ‚suntt
211 884 358 955 libertas
383 900 674 971 unumquemque
698 881 899 953 voluntatis
925 881 992 957 suae
1016 886 1078 958 vel
1103 883 1149 957 ad

89 980 291 1077 profestum
309 998 373 1073 per
385 980 623 1052 imitationem
648 978 721 1051 Dei
744 982 990 1077 provocavit,
1015 984 1078 1055 vel
1104 982 1150 1055 ad

90 1080 268 1155 defessum
292 1099 357 1174 per
380 1078 634 1174 negligentiam
659 1080 780 1173 traxit.
839 1074 888 1152 Et
912 1082 989 1154 haec
1014 1081 1151 1156 exstitit

91 1178 189 1253 causa
204 1178 359 1277 (sicutu
372 1191 477 1251 antea
487 1178 560 1269 jam
573 1176 746 1274 diximus)
763 1177 973 1253 diversitatis
987 1181 1082 1255 inter
1093 1202 1150 1253 ra·

90 1280 281 1353 tionabiles
300 1291 498 1372 creaturas,
512 1297 589 1349 non
602 1298 647 1349 ex
665 1278 865 1351 conditoris
879 1281 1072 1355 voluntate
1086 1280 1152 1354 vel

89 1378 223 1473 judicio
243 1379 417 1475 originem
433 1377 577 1449 trahens
590 1430 616 1468 ,‚
629 1376 689 1450 sed
704 1378 858 1470 propriae
871 1378 1044 1453 libertatis
1060 1380 1150 1453 arbi·

91 1480 172 1553 trio.
225 1476 326 1549 Deus
343 1492 438 1548 vero
454 1474 512 1547 cui
522 1477 595 1567 jam
611 1489 810 1548 creaturam
823 1477 918 1551 suam
931 1500 1001 1571 pro
1017 1483 1149 1553 merito

92 1574 287 1671 dispensare
299 1574 431 1668 justum
447 1574 660 1669 videbatui,
688 1574 909 1650 diversitates
927 1580 1100 1654 mentium
1110 1581 1150 1653 in

91 1678 194 1751 unius
213 1675 338 1751 mundi
362 1672 630 1747 consonantiam
655 1676 786 1769 traxit,
814 1697 887 1768 quo
913 1679 1018 1749 velut
1041 1700 1150 1753 unani

93 1774 237 1850 domum
262 1776 299 1847 iii
320 1794 388 1867 qua
404 1771 513 1847 inesse
529 1772 702 1847 deberent
718 1796 796 1847 non
815 1774 928 1848 solum
942 1776 1026 1849 vasa
1043 1799 1151 1851 aurea

94 1874 327 1973 stupentes,
350 1872 411 1946 sed
429 1873 591 1969 &lignea
609 1871 795 1966 ofitus,
823 1873 937 1947 &alia
953 1877 1095 1967 quidem
1105 1876 1151 1950 ad

95 1972 291 2067 honorem,
318 1972 385 2045 alia
400 1986 519 2045 autem
529 1972 572 2043 ad
588 1973 862 2066 contumeliam,
889 1994 935 2045 ex
950 1974 1020 2048 istis
1032 1976 1152 2049 diver·

95 2070 262 2165 bivasis,
289 2073 351 2145 vel
365 2072 510 2165 animis,
536 2072 599 2143 vel
618 2072 795 2144 mentibus
813 2086 970 2148 ornaret.
1020 2072 1071 2147 Et
1086 2076 1150 2149 has

95 2170 208 2247 causas
231 2169 294 2269 (ut
310 2192 379 2267 ego
396 2168 574 2267 arbitror)
596 2170 747 2244 mundus
768 2170 833 2245 iste
851 2171 918 2246 suae
936 2172 1150 2248 diversitatis

95 2272 254 2365 occepit,
288 2272 372 2345 dum
383 2292 671 2362 unumquemque
691 2269 813 2342 divina
833 2272 1065 2363 providentia
1078 2294 1150 2367 pro

94 2372 268 2445 varietate
289 2382 454 2444 motuum
468 2368 634 2463 suorum,
661 2370 723 2444 vel
740 2373 939 2445 animorum
959 2372 1152 2468 propofiti·

96 2490 161 2561 que
174 2467 358 2563 dispensat.
392 2470 476 2565 Qua
488 2472 629 2542 ratione
642 2489 760 2560 neque
776 2484 919 2543 creator
932 2472 1080 2565 injustus
1094 2474 1152 2546 vi·

95 2568 257 2671 debitur,
284 2588 365 2642 cum
382 2568 575 2643 secundum
594 2569 837 2661 praecedentes
855 2568 973 2645 causas
991 2592 1059 2665 pio
1077 2594 1151 2647 me·

95 2670 163 2743 rito
188 2688 479 2760 unumquemque
500 2668 701 2741 distribuit:
726 2690 843 2761 neque
864 2670 1016 2747 fortuita
1030 2672 1152 2745 unius·

53 2798 65 2846 i
97 2768 265 2861 cujusque
284 2767 448 2841 nascendi
469 2768 531 2840 vel
549 2766 700 2841 felicitas
717 2770 779 2842 vel
801 2767 992 2843 infelicitas
1010 2772 1151 2867 putabi·

96 2880 171 2963 tur,
200 2868 263 2939 vel
298 2868 562 2959 qualiscumque
588 2867 758 2939 acciderit
787 2868 849 2941 illa
873 2870 1062 2963 conditio,
1088 2891 1151 2944 ne·

98 2986 161 3059 que
175 2965 306 3040 diversi
325 2982 529 3062 creatores,
554 2968 618 3040 vel
637 2962 783 3041 diversae
800 2981 936 3041 naturae
956 2968 1151 3043 credentur

96 3084 296 3143 animarum.

112 3186 115 3191 ·
161 3188 197 3259 7.
223 3166 365 3239 Verum
379 3186 425 3237 ne
440 3162 611 3259 scriptura
624 3164 766 3256 quidem
780 3164 894 3240 santia
909 3166 1056 3241 videtur
1064 3169 1151 3245 mibi

119 3266 235 3339 enitus
251 3267 370 3337 arcani
383 3264 486 3356 hujus
498 3263 642 3337 tacuisse
652 3266 849 3341 rationem:
873 3268 963 3340 sicut
975 3289 1152 3363 cumapo·

94 3284 203 3439 Kolus
217 3362 347 3437 Paulus
362 3362 405 3437 de
413 3363 569 3457 Jacob&
581 3360 672 3436 Esau
682 3364 861 3459 disputans
875 3366 944 3441 ait:
972 3372 1049 3439 Cum
1064 3378 1152 3443 mim

94 3468 232 3537 nondum
252 3470 327 3535 irati
343 3463 494 3555 fuissent,
518 3490 618 3561 neque
634 3464 757 3558 egissent
778 3470 902 3564 aliquid
917 3468 988 3539 boni
1003 3470 1058 3541 vel
1073 3459 1152 3542 mosi

94 3574 133 3637 'st
145 3564 332 3663 propofitum
346 3566 424 3663 quod
434 3564 600 3652 facundum
614 3564 791 3637 declinarem
801 3568 867 3639 Dei
881 3566 1004 3657 falsum
1014 3568 1071 3666 ιβ,
1079 3588 1153 3667 peri

95 3680 257 3755 mutiet,
283 3690 349 3735 sion
371 3666 579 3759 exoperibus,
603 3667 659 3754 fid
678 3692 717 3737 ex
735 3692 767 3737 eo
787 3672 844 3765 qui
856 3675 1005 3759 vocavit,
1030 3669 1153 3741 dissutis

95 3766 135 3863 ιβ
145 3770 221 3867 quia
231 3770 332 3863 major
341 3765 462 3859 serviet
479 3770 617 3860 minori,
634 3767 719 3865 ficut
727 3768 881 3869 scriptam
894 3771 952 3871 efl:
981 3771 1085 3940 Jacob
1101 3771 1153 3841 dja·

1035 3891 1114 3960 ou,
