2498 4254
135 178 207 290 59⁶
357 162 360 167 ’
454 148 962 281 oriundis&

46 356 49 361 ’
132 352 262 443 ticipes
282 347 473 425 efficiamur
490 350 618 425 divinae
645 365 808 442 naturae,
833 350 922 424 ficut
938 348 1104 444 scripturn
1125 345 1197 442 est,

135 444 217 544 quia
231 456 287 548 qui
305 453 385 520 dicit
399 452 431 538 se
448 452 569 547 Christo
586 455 720 536 credere,
748 452 830 520 debet
839 453 923 547 ficut
943 450 1195 536 deambulavit,

37 586 44 599 ι
133 554 174 629 U
197 547 258 646 ipse
271 553 435 622 ambulare.
487 552 573 624 Hoc
590 573 676 648 ergo
696 538 910 625 Verbum&
930 551 1005 623 haec
1025 549 1197 642 sapientia

131 654 198 747 per
220 652 319 744 cujus
344 652 580 749 imitationem
601 650 662 725 vel
681 652 854 744 sapientes
879 653 940 723 vel
961 651 1196 722 rationabiles

117 752 312 843 dicimur,
340 753 505 825 omnibns
529 749 571 823 fit
589 755 736 843 omnia,
760 768 809 824 ‘ut
829 774 954 825 omnes
971 749 1196 835 lucrifaciam

39 914 43 927 .
133 848 223 937 &fit
236 849 396 924 infirmus
409 849 576 944 infirmis,
591 868 634 931 ut
648 851 808 935 infirmos
819 851 1035 923 lucrifaciat:
1062 849 1096 920 a
1112 848 1196 938 quia

131 948 292 1023 infirmus
312 948 486 1045 efficitur,
512 968 664 1045 propter
683 948 762 1028 hoc‘
779 952 908 1025 dicitur
925 950 969 1023 de
988 972 1054 1023 eo:
1081 951 1197 1021 Etiam

39 1126 41 1130 ,
65 1123 67 1126 ,
122 1053 339 1150 ficrucifix'us
355 1052 394 1146 ιβ
411 1078 449 1119 ex
474 1055 696 1143 infirmitate,
718 1055 769 1141 sed
791 1052 948 1123 uiuit-ex
966 1056 1094 1119 virtute
1117 1052 1193 1118 Dei.

45 1146 48 1151 ’
131 1146 299 1243 Denique
315 1149 510 1223 Corinthiis
528 1156 586 1245 qui
600 1152 730 1226 infirmi
750 1168 872 1245 erant,
899 1150 1030 1224 Paulus
1051 1149 1138 1221 nihil
1158 1146 1197 1221 st:

131 1250 267 1325 indicat
281 1252 358 1335 scire
371 1252 429 1347 nrfi
452 1254 610 1349 Christum
631 1257 763 1350 Jrfum5
783 1253 822 1329 (5
837 1257 925 1345 lrunc
941 1254 1136 1340 crucifixum.

209 1373 265 1442 32.
295 1351 448 1451 Quidam
471 1369 589 1428 autem
609 1356 744 1426 volunt
766 1350 809 1426 de
830 1353 907 1447 ipsa·
928 1350 1043 1423 anima
1064 1347 1196 1422 dicium

129 1448 269 1540 uideri,
292 1452 539 1545 cumprimum
556 1453 600 1531 de
611 1454 728 1526 Maria
745 1474 880 1544 corpus
897 1450 1065 1541 affamur,
1086 1448 1194 1521 etiam

131 1539 220 1625 illud
232 1549 329 1641 quod
345 1549 545 1645 'Apostolus
555 1554 666 1627 dicit:
693 1558 765 1647 Qui
782 1578 848 1623 cum
865 1560 901 1622 in
911 1552 1021 1645 forma
1033 1553 1097 1620 Dei
1110 1548 1195 1640 εῇετ,Ι

130 1644 200 1753 non
216 1655 359 1747 rapinam
377 1647 559 1724 arbitratui
576 1654 617 1755 eft
630 1652 730 1749 essese
742 1655 886 1753 aqualem
907 1650 998 1742 Deo,
1023 1646 1071 1738 fed
1080 1650 1194 1737 semet·¹

131 1751 451 1847 nsum-minamini,
471 1754 612 1847 farisiam
623 1751 901 1850 firviaccipiens:
928 1774 1009 1824 cum
1026 1772 1100 1822 eam
1119 1748 1197 1821 fine
1219 1826 1222 1831 ,

130 1850 245 1923 dubio
265 1853 304 1924 in
314 1846 475 1926 'formam
491 1853 561 1928 Dei
580 1856 790 1933 melioribus
812 1852 983 1948 exemplis
1003 1851 1036 1921 ἃ
1057 1849 1196 1920 institu-

128 1950 292 2023 tionibus
312 1966 514 2047 repararet,
541 1969 647 2046 atque
656 1948 697 2028 in
714 1978 790 2028 eam
813 1953 1070 2046 plenitudinem
1095 1947 1196 2022 unde

128 2048 165 2123 se
186 2052 453 2147 exinaniverat,
480 2069 686 2131 revocaret.
744 2054 845 2127 Sicut
865 2056 984 2149 autem
1005 2048 1195 2145 participa·

129 2150 233 2221 tione
254 2147 317 2222 filii
333 2150 406 2226 Dei
429 2155 505 2244 quis
523 2156 560 2226 in
575 2150 685 2228 filium
706 2155 924 2245 adoptatur,
951 2156 985 2223 da
1005 2150 1196 2242 participa·

129 2249 233 2321 tione
248 2250 475 2342 sapientiae‘in
489 2254 575 2326 Deo
589 2253 723 2347 sapiens
740 2253 909 2344 efficitur,
934 2254 984 2322 ita
1000 2250 1032 2321 dt
1050 2248 1195 2340 partici-

58 2406 62 2415 ,
129 2348 279 2441 patiore⁴
304 2350 453 2442 Spiritus
473 2352 604 2446 santii,
641 2352 776 2424 sanitas
797 2352 1006 2444 &spiritalis
1029 2347 1193 2423 efficitur.

122 2447 255 2520 ,Unum
273 2451 365 2522 enim
385 2468 491 2542 atque
508 2453 601 2525 idern
616 2452 665 2524 est
681 2452 833 2545 Spiritus
846 2451 951 2524 santii
967 2448 1196 2542 participium

58 2550 60 2559 ’
129 2544 293 2640 sumere,
328 2552 425 2641 quod
446 2550 496 2623 est
516 2555 626 2645 patris
646 2553 679 2624 dt
699 2550 788 2624 filii:
814 2553 944 2644 quippe
963 2572 1043 2622 cnm
1064 2568 1136 2618 una
1158 2546 1195 2618 dt

127 2646 347 2747 incorporea
363 2664 490 2723 natura
505 2653 548 2724 sit
563 2652 761 2725 Trinitatis.
814 2654 953 2724 Verum
967 2673 1046 2741 qnae
1058 2647 1100 2719 de
1115 2666 1195 2739 par-

127 2747 341 2839 ticipatione
366 2751 489 2823 animae
508 2752 681 2844 diximus,
707 2751 806 2824 finili
829 2753 971 2824 ratione
991 2760 1033 2819 ut
1052 2747 1096 2818 de
1122 2747 1193 2818 ani:

49 2850 51 2857 ’
127 2848 274 2940 manus,
301 2849 351 2922 ita
366 2851 399 2921 dt
417 2850 460 2922 de
476 2853 608 2947 angelis
626 2850 659 2924 δι
682 2851 878 2925 caelestibus
895 2848 976 2922 sunt
993 2848 1193 2941 intelligenss

130 2944 175 3020 da
189 2949 423 3022 Virtutibus:
458 2954 626 3043 quoniam
652 2951 766 3023 omnis
787 2950 1010 3023 rationabilis
1029 2960 1194 3019 creatura

127 3048 321 3143 participio
340 3050 475 3145 indiget
490 3051 692 3126 Trinitatis.
744 3050 812 3122 Sed
829 3051 863 3122 dr
878 3050 1000 3122 mundi
1015 3038 1121 3137 hujus
1138 3048 1192 3118 vi·

126 3146 233 3223 ibitis
251 3148 368 3241 satin,
396 3151 564 3243 quoniam
584 3153 644 3223 uel
662 3150 929 3222 maximaetiam
941 3150 985 3221 de
999 3148 1053 3221 his
1068 3146 1192 3219 haberi

20 3294 24 3299 -
128 3247 275 3337 quaestio
296 3244 407 3343 solet,
436 3252 586 3341 qualiter
600 3250 634 3324 se
650 3251 799 3341 habeat,
824 3263 937 3342 prout
955 3249 1138 3341 potuimus
1154 3248 1193 3320 in

125 3346 368 3438 superioribus
397 3350 546 3423 diximus
565 3372 632 3446 pro
652 3351 694 3420 iis
719 3352 831 3441 quiin
850 3346 1062 3420 fidenostra
1084 3347 1192 3419 etiam

90 3506 93 3511 ,
128 3445 297 3520 'credendi
323 3449 501 3521 rationem
522 3450 729 3544 perquirere
754 3449 897 3542 solent,
927 3449 1047 3540 &pro
1067 3448 1111 3517 iis
1131 3447 1192 3536 qui

125 3544 293 3621 haeretica
317 3547 501 3622 adversum
531 3571 600 3623 nos
634 3549 828 3621 certamina
859 3560 1120 3637 commovent,
1158 3546 1193 3620 dt

124 3646 282 3722 materia
300 3668 433 3721 nomen
451 3650 609 3741 quodne
627 3648 688 3742 ipfi
709 3648 849 3739 quidem
867 3650 970 3738 quale
983 3647 1046 3735 sit,
1075 3648 1192 3719 adhuc

123 3740 324 3839 intelligere
334 3762 552 3839 potuerunt,
571 3749 689 3824 solent
700 3747 921 3839 frequentius
932 3747 1127 3820 ventilare:
1145 3748 1190 3820 de

118 3844 1189 4015 quoaeceffuiumputoetiamnunebrevitereommorlrffiere.

154 3962 181 3987 ''
648 3982 653 3991 “
1027 3968 1089 4041 St·
1124 3962 1146 4020 S
