2498 4254
64 77 192 254 [ξι
459 144 871 235 oraoarsrs

85 384 87 389 .
138 332 234 400 mus.
283 315 440 415 Propter
456 316 697 411 quoddicitur
710 331 734 414 ‚‘
748 321 851 392 Nem
883 314 957 416 orest
971 315 1070 390 tuoe
1085 314 1202 389 Derri-

137 434 222 494 'rtum
271 421 353 508 esum
376 418 437 514 rtifi
459 423 497 491 in
521 423 651 514 Spiritu
670 418 793 511 flantia.
875 418 980 491 tvix
1006 398 1197 511 aliquando
1233 419 1241 505 ²]

137 522 208 618 'ipfi
257 518 391 615 postoli
400 518 496 614 digni
504 517 681 592 habentur
691 516 832 593 audiet
855 522 1023 615 Accipiam
1038 524 1197 600 virtutem
1230 525 1241 559 ·'

138 622 395 717 supervmimtis
411 622 560 713 Spiritus
565 618 675 708 stantia·
696 628 734 691 in
747 642 818 696 vos.
867 614 1022 712 Propter
1042 613 1144 709 quod
1163 614 1198 689 ἃ

142 718 364 817 consequens
389 729 505 812 puto,
530 718 612 810 quia
631 719 690 810 qui
707 716 917 814 peccaverit
938 716 1079 809 quidem
1098 718 1138 790 in
1159 709 1199 789 fi·
1238 782 1241 787 .

141 819 231 893 lium
252 816 406 892 hominis
428 819 537 891 venia
553 817 678 914 dignus
699 815 775 892 est:
808 838 878 914 pro
904 835 950 889 eo
970 815 1116 908 quodis
1139 812 1198 909 qni
1237 854 1241 903 a

141 918 250 991 verbi
274 918 346 991 Dei
368 918 430 989 vel
447 916 596 991 rationis
611 916 662 992 est
676 918 876 1014 particeps,
900 914 1197 989 sadefinatratio·

139 1018 310 1093 nobiliter
334 1016 484 1108 vivere,
512 1016 656 1091 videtur
678 1019 716 1090 in
738 1016 977 1114 ignorantiam
1001 1015 1063 1088 vel
1086 1012 1196 1087 stulti·
1238 1031 1241 1061 ³

140 1116 232 1190 'narn
244 1113 429 1207 decidiffe‚
456 1117 651 1210 &propter
664 1117 737 1190 hoc
752 1119 893 1191 veniam
906 1112 1123 1209 promereri:
1138 1110 1196 1207 qm
1239 1186 1241 1216 ἱ

142 1210 1197 1310 autemdignusjamhabitusestsanetispiritusparticipatio-
1237 1220 1241 1293 i

140 1335 211 1406 ne,
233 1314 383 1386 &retro
397 1313 506 1386 fuerit
523 1311 732 1409 conversus,
748 1316 807 1388 hic
821 1313 977 1409 reipsa&
988 1332 1101 1406 opere
1114 1311 1196 1385 blai-
1236 1297 1241 1355 ¹

142 1411 322 1507 phemaiie
343 1412 472 1485 dicitur
490 1415 530 1489 in
543 1411 713 1508 Spiritum
729 1413 894 1489 santium.
943 1409 1005 1484 Ne
1022 1413 1100 1504 quis
1118 1408 1197 1485 sane
1234 1434 1241 1488 ι

143 1512 320 1585 existimet
337 1532 407 1584 nos
424 1535 470 1585 ex
494 1536 542 1587 eo
562 1510 661 1607 quod
675 1511 825 1587 diximus
849 1512 1018 1606 Spiritum
1042 1507 1194 1585 sandtum
1230 1501 1241 1595 i

140 1607 227 1683 solis
245 1610 366 1683 sanciis
382 1610 558 1707 prestari,
584 1613 694 1707 patris
707 1632 799 1687 vero
816 1611 850 1685 δι
867 1610 931 1685 filii
945 1606 1122 1684 beneficia
1137 1608 1195 1683 vei

140 1709 413 1804 inoperationes
437 1713 630 1804 pervenire
650 1710 693 1783 ad
717 1713 837 1785 bonos
863 1709 899 1784 da
921 1712 1058 1803 malos,
1083 1706 1194 1803 justos

138 1809 181 1883 dt
195 1807 371 1903 injustos,
399 1808 585 1904 praetuliss'e
601 1830 667 1906 per
679 1811 753 1884 hoc
769 1809 861 1905 patri
883 1810 919 1885 ta
936 1806 1012 1893 fiiio
1028 1801 1196 1906 spiritua

140 1906 320 2002 santium,
347 1914 408 1983 vel
433 1911 603 2004 majorem
620 1912 695 2003 ejus
712 1930 776 2003 per
797 1910 873 1984 hoc
885 1908 1034 1984 asserere
1051 1908 1195 2007 dignita·

143 2024 242 2082 tem:
268 2010 367 2101 quod
386 2011 509 2103 utique
526 2011 633 2084 vaide
644 2009 904 2102 inconsequens
922 2007 983 2082 est.
1034 2007 1194 2103 Proprie·

141 2120 256 2181 tatem
288 2128 439 2199 namque
472 2111 593 2203 gratiae
626 2110 701 2202 ejus
730 2112 921 2201 operisque
947 2106 1193 2201 descripfimus'.

143 2205 262 2279 Porro
289 2220 407 2278 autern
424 2207 511 2279 nihil
531 2208 569 2280 in
579 2208 615 2279 Τ
615 2210 759 2281 rinitate
773 2208 885 2299 majus
900 2207 1066 2281 minusve
1082 2207 1195 2281 dicen·
1237 2218 1241 2229 ⁴

138 2304 229 2377 dum
241 2302 316 2398 est,
341 2324 449 2397 quum
465 2307 570 2377 unius
587 2305 784 2379 divinitatis
798 2306 882 2379 fons
900 2304 1018 2379 verbo
1031 2326 1075 2379 ac
1090 2304 1194 2380 ratio·
1233 2338 1241 2391 1

143 2424 194 2477 ne
208 2401 268 2475 sua
283 2415 406 2475 teneat
422 2403 612 2500 universa,
637 2404 760 2499 spiritu
773 2425 866 2480 vero
885 2407 959 2479 oris
980 2403 1031 2478 sui
1050 2424 1130 2499 quae
1150 2402 1195 2479 di-
1224 2409 1241 2489 i

144 2518 217 2599 gna
232 2499 312 2575 sunt
330 2498 632 2598 sanctificatione,
658 2502 877 2603 sensificet,
901 2505 991 2580 sicut
1005 2506 1044 2578 in
1063 2500 1193 2602 psalmo¹
1221 2520 1241 2591 s

143 2600 412 2695 scriptumest:
451 2609 550 2675 Verbo
576 2608 709 2677 Domini
732 2607 798 2675 coeli
812 2608 941 2696 firmati
951 2608 1051 2692 flent,
1078 2602 1118 2681 U
1137 2604 1195 2701 spi·
1226 2603 1241 2689 ἰ

140 2707 216 2773 'ritu
231 2707 296 2773 oris
316 2706 383 2798 ejus
401 2714 501 2774 omnis
524 2709 636 2777 virtus
656 2730 768 2776 eorum.
819 2700 883 2777 Est
907 2704 1013 2778 etiam
1040 2700 1195 2796 quaedaid
1227 2713 1241 2795 'p

144 2800 351 2895 inoperatio
362 2802 432 2875 Dei
448 2804 556 2895 patris
571 2805 748 2898 praecipua
758 2818 886 2897 praeter
900 2804 995 2877 illam
1005 2823 1074 2895 qua
1085 2799 1196 2878 omni·
1227 2818 1241 2889 ι

142 2902 213 2974 bus
228 2914 269 2973 ut
283 2900 395 2975 effent
408 2903 795 2996 naturaliterpraestitit.
845 2896 1196 2999 EstuuominiJesu
1229 2929 1241 2992 p

145 2998 276 3073 Christi
292 3002 508 3096 precipuum
534 3004 713 3095 quoddam
733 2998 963 3077 ministerium
983 3004 1020 3075 in
1040 2999 1197 3095 eosqui·
1228 3004 1241 3083 i

144 3098 214 3173 bus
244 3102 450 3173 naturaliter
478 3115 522 3174 ut
546 3103 776 3179 rationabiles
808 3099 903 3194 tint,
937 3098 1109 3197 confert,
1132 3106 1196 3195 pet
1229 3127 1241 3187 a

145 3199 247 3287 quod
265 3198 309 3272 ad
331 3200 407 3274 haec
431 3199 631 3297 quaesunt,
657 3200 840 3296 prastamr
863 3200 914 3273 eis
938 3216 980 3274 ot
1004 3202 1099 3276 bene
1120 3200 1196 3275 tint
1230 3230 1241 3285 t

145 3290 210 3368 Est
234 3296 355 3371 &alia
381 3319 526 3393 quoque
551 3300 656 3374 etiam
680 3300 830 3396 Spiritus
854 3296 960 3373 sancti
984 3300 1196 3395 gratiaque
1233 3336 1241 3385 ι

145 3393 262 3491 dignis
286 3397 494 3492 praestatur,
526 3400 718 3475 ministrata
742 3398 885 3492 quidem
899 3416 966 3492 per
992 3396 1197 3495 Christiana,
1233 3429 1241 3487 t

145 3492 334 3587 inoperata
359 3514 477 3571 autem
503 3520 524 3571 a
545 3512 648 3591 patre
672 3498 864 3573 secundum
884 3498 1052 3573 meritum
1071 3515 1199 3575 eorum
1235 3532 1241 3587 t

147 3593 210 3687 qui
222 3614 369 3687 capaces
387 3598 461 3688 ejus
476 3594 687 3675 efficiuntur.
737 3597 850 3699 Quod
865 3596 1135 3675 manifestiffime
1148 3600 1199 3673 in*
1236 3638 1241 3682 ι

145 3692 243 3768 tiicat
266 3691 448 3791 apostolus
463 3694 617 3793 Paulam,
647 3718 756 3775 unam
775 3694 1007 3791 eamdemque
1024 3699 1201 3783 virtutem
1238 3741 1241 3778 t

1029 3792 1241 3927 arnapi
