<?xml version="1.0" encoding="UTF-8"?>
<!DOCTYPE html PUBLIC "-//W3C//DTD XHTML 1.0 Transitional//EN"
    "http://www.w3.org/TR/xhtml1/DTD/xhtml1-transitional.dtd">
<html xmlns="http://www.w3.org/1999/xhtml" xml:lang="en" lang="en">
 <head>
  <title>
</title>
<meta http-equiv="Content-Type" content="text/html;charset=utf-8" />
  <meta name='ocr-system' content='tesseract 3.04.00' />
  <meta name='ocr-capabilities' content='ocr_page ocr_carea ocr_par ocr_line ocrx_word'/>
</head>
<body>
  <div class='ocr_page' id='page_1' title='image "./operaomniasanct08unkngoog_0551.png"; bbox 0 0 2498 4254; ppageno 0'>
   <div class='ocr_carea' id='block_1_1' title="bbox 262 96 1089 255">
    <p class='ocr_par' dir='ltr' id='par_1_1' title="bbox 262 96 1089 272">
     <span class='ocr_line' id='line_1_1' title="bbox 262 96 1089 255; baseline -0.005 -17"><span class='ocrx_word' id='word_1_1' title='bbox 262 120 361 238; x_wconf 72' lang='lat' dir='ltr'>on&#39;</span> <span class='ocrx_word' id='word_1_2' title='bbox 408 96 928 237; x_wconf 55' lang='lat' dir='ltr'>ormont*</span> <span class='ocrx_word' id='word_1_3' title='bbox 1016 178 1089 255; x_wconf 77' lang='lat'>479</span> 
     </span>
    </p>
   </div>
   <div class='ocr_carea' id='block_1_2' title="bbox 60 297 1199 418">
    <p class='ocr_par' dir='ltr' id='par_1_2' title="bbox 60 297 1199 418">
     <span class='ocr_line' id='line_1_2' title="bbox 60 297 1199 418; baseline -0.007 -17"><span class='ocrx_word' id='word_1_4' title='bbox 60 346 110 401; x_wconf 81' lang='lat' dir='ltr'>rm</span> <span class='ocrx_word' id='word_1_5' title='bbox 127 343 261 418; x_wconf 86' lang='lat' dir='ltr'>nempe</span> <span class='ocrx_word' id='word_1_6' title='bbox 281 324 413 400; x_wconf 80' lang='lat' dir='ltr'>habeat</span> <span class='ocrx_word' id='word_1_7' title='bbox 431 323 467 396; x_wconf 88' lang='lat' dir='ltr'>id</span> <span class='ocrx_word' id='word_1_8' title='bbox 486 321 584 414; x_wconf 88' lang='lat' dir='ltr'>quod</span> <span class='ocrx_word' id='word_1_9' title='bbox 600 323 752 396; x_wconf 81' lang='lat' dir='ltr'>maxime</span> <span class='ocrx_word' id='word_1_10' title='bbox 776 297 1008 394; x_wconf 81' lang='lat' dir='ltr'>necess&#39;arium</span> <span class='ocrx_word' id='word_1_11' title='bbox 1023 319 1088 412; x_wconf 86' lang='lat' dir='ltr'>est,</span> <span class='ocrx_word' id='word_1_12' title='bbox 1194 384 1199 393; x_wconf 84' lang='lat'><em>.</em></span> 
     </span>
    </p>
   </div>
   <div class='ocr_carea' id='block_1_3' title="bbox 60 421 1186 1908">
    <p class='ocr_par' dir='ltr' id='par_1_3' title="bbox 60 421 1186 1908">
     <span class='ocr_line' id='line_1_3' title="bbox 60 421 1087 533; baseline -0.003 -36"><span class='ocrx_word' id='word_1_13' title='bbox 60 447 101 499; x_wconf 81' lang='lat' dir='ltr'>ue</span> <span class='ocrx_word' id='word_1_14' title='bbox 118 427 296 533; x_wconf 84' lang='lat' dir='ltr'>privetur</span> <span class='ocrx_word' id='word_1_15' title='bbox 315 425 470 514; x_wconf 85' lang='lat' dir='ltr'>umbra,</span> <span class='ocrx_word' id='word_1_16' title='bbox 508 421 582 495; x_wconf 86' lang='lat' dir='ltr'>five</span> <span class='ocrx_word' id='word_1_17' title='bbox 605 423 684 515; x_wconf 82' lang='lat' dir='ltr'>plus</span> <span class='ocrx_word' id='word_1_18' title='bbox 714 423 789 514; x_wconf 86' lang='lat' dir='ltr'>ejus</span> <span class='ocrx_word' id='word_1_19' title='bbox 819 421 1087 511; x_wconf 77' lang='lat' dir='ltr'>habeat‚s1ve</span> 
     </span>
     <span class='ocr_line' id='line_1_4' title="bbox 60 512 1088 619; baseline -0.005 -21.98"><span class='ocrx_word' id='word_1_20' title='bbox 60 512 164 599; x_wconf 83' lang='lat' dir='ltr'>inus:</span> <span class='ocrx_word' id='word_1_21' title='bbox 189 526 239 595; x_wconf 84' lang='lat' dir='ltr'>ita</span> <span class='ocrx_word' id='word_1_22' title='bbox 263 523 289 597; x_wconf 87' lang='lat' dir='ltr'>sr</span> <span class='ocrx_word' id='word_1_23' title='bbox 313 544 370 595; x_wconf 90' lang='lat' dir='ltr'>res</span> <span class='ocrx_word' id='word_1_24' title='bbox 392 523 500 594; x_wconf 75' lang='lat' dir='ltr'>nobis</span> <span class='ocrx_word' id='word_1_25' title='bbox 520 520 633 595; x_wconf 75' lang='lat' dir='ltr'>cdsrnt</span> <span class='ocrx_word' id='word_1_26' title='bbox 657 520 692 619; x_wconf 89' lang='lat' dir='ltr'>sp</span> <span class='ocrx_word' id='word_1_27' title='bbox 694 522 869 610; x_wconf 85' lang='lat' dir='ltr'>iritualel‚</span> <span class='ocrx_word' id='word_1_28' title='bbox 896 521 969 592; x_wconf 82' lang='lat' dir='ltr'>&amp;a</span> <span class='ocrx_word' id='word_1_29' title='bbox 1002 520 1088 592; x_wconf 88' lang='lat' dir='ltr'>Deo</span> 
     </span>
     <span class='ocr_line' id='line_1_5' title="bbox 60 620 1138 699; baseline -0.004 -2.981"><span class='ocrx_word' id='word_1_30' title='bbox 60 627 268 699; x_wconf 88' lang='lat' dir='ltr'>uminemur</span> <span class='ocrx_word' id='word_1_31' title='bbox 282 623 326 695; x_wconf 84' lang='lat' dir='ltr'>ad</span> <span class='ocrx_word' id='word_1_32' title='bbox 340 620 587 695; x_wconf 85' lang='lat' dir='ltr'>omnimodam</span> <span class='ocrx_word' id='word_1_33' title='bbox 605 640 775 695; x_wconf 89' lang='lat' dir='ltr'>verorum</span> <span class='ocrx_word' id='word_1_34' title='bbox 790 621 973 692; x_wconf 86' lang='lat' dir='ltr'>bonorum</span> <span class='ocrx_word' id='word_1_35' title='bbox 990 639 1088 692; x_wconf 89' lang='lat' dir='ltr'>corn</span> <span class='ocrx_word' id='word_1_36' title='bbox 1136 626 1138 631; x_wconf 83' lang='grc'><strong>’</strong></span> 
     </span>
     <span class='ocr_line' id='line_1_6' title="bbox 60 718 1087 811; baseline -0.006 -15"><span class='ocrx_word' id='word_1_37' title='bbox 60 724 282 811; x_wconf 81' lang='lat' dir='ltr'>irationem,</span> <span class='ocrx_word' id='word_1_38' title='bbox 318 741 416 804; x_wconf 86' lang='lat' dir='ltr'>non,</span> <span class='ocrx_word' id='word_1_39' title='bbox 455 741 531 792; x_wconf 90' lang='lat' dir='ltr'>rem</span> <span class='ocrx_word' id='word_1_40' title='bbox 559 734 733 804; x_wconf 89' lang='lat' dir='ltr'>tenuem,</span> <span class='ocrx_word' id='word_1_41' title='bbox 771 723 930 793; x_wconf 86' lang='lat' dir='ltr'>umbram</span> <span class='ocrx_word' id='word_1_42' title='bbox 959 718 1087 811; x_wconf 78' lang='lat' dir='ltr'>pusillo</span> 
     </span>
     <span class='ocr_line' id='line_1_7' title="bbox 60 817 1088 912; baseline -0.006 -17"><span class='ocrx_word' id='word_1_43' title='bbox 60 819 147 895; x_wconf 85' lang='lat' dir='ltr'>rimo</span> <span class='ocrx_word' id='word_1_44' title='bbox 163 824 407 912; x_wconf 80' lang='lat' dir='ltr'>requiremus.</span> <span class='ocrx_word' id='word_1_45' title='bbox 457 819 533 891; x_wconf 84' lang='lat' dir='ltr'>Res</span> <span class='ocrx_word' id='word_1_46' title='bbox 555 820 650 891; x_wconf 92' lang='lat' dir='ltr'>enirn</span> <span class='ocrx_word' id='word_1_47' title='bbox 676 840 805 890; x_wconf 88' lang='lat' dir='ltr'>omnes</span> <span class='ocrx_word' id='word_1_48' title='bbox 828 817 1088 890; x_wconf 77' lang='lat' dir='ltr'>materiales&amp;</span> 
     </span>
     <span class='ocr_line' id='line_1_8' title="bbox 60 918 1186 1015; baseline -0.004 -22"><span class='ocrx_word' id='word_1_49' title='bbox 60 924 215 1015; x_wconf 79' lang='lat' dir='ltr'>›rporeae</span> <span class='ocrx_word' id='word_1_50' title='bbox 232 939 466 1011; x_wconf 78' lang='lat' dir='ltr'>quecumque</span> <span class='ocrx_word' id='word_1_51' title='bbox 484 919 629 992; x_wconf 74' lang='lat' dir='ltr'>tandem</span> <span class='ocrx_word' id='word_1_52' title='bbox 648 921 716 990; x_wconf 73' lang='lat' dir='ltr'>ille</span> <span class='ocrx_word' id='word_1_53' title='bbox 737 919 823 1007; x_wconf 74' lang='lat' dir='ltr'>sint,</span> <span class='ocrx_word' id='word_1_54' title='bbox 846 921 978 992; x_wconf 87' lang='lat' dir='ltr'>umbrae</span> <span class='ocrx_word' id='word_1_55' title='bbox 993 918 1086 988; x_wconf 81' lang='lat' dir='ltr'>leuis</span> <span class='ocrx_word' id='word_1_56' title='bbox 1179 966 1186 988; x_wconf 87' lang='lat'><strong>.</strong></span> 
     </span>
     <span class='ocr_line' id='line_1_9' title="bbox 60 1017 1086 1121; baseline -0.005 -28.911"><span class='ocrx_word' id='word_1_57' title='bbox 60 1021 209 1121; x_wconf 80' lang='lat' dir='ltr'>fragilis</span> <span class='ocrx_word' id='word_1_58' title='bbox 223 1021 402 1092; x_wconf 89' lang='lat' dir='ltr'>rationem</span> <span class='ocrx_word' id='word_1_59' title='bbox 419 1020 575 1113; x_wconf 87' lang='lat' dir='ltr'>habent,</span> <span class='ocrx_word' id='word_1_60' title='bbox 601 1038 670 1089; x_wconf 88' lang='lat' dir='ltr'>nec</span> <span class='ocrx_word' id='word_1_61' title='bbox 683 1017 764 1088; x_wconf 84' lang='lat' dir='ltr'>l&#39;unt</span> <span class='ocrx_word' id='word_1_62' title='bbox 781 1019 858 1090; x_wconf 88' lang='lat' dir='ltr'>ullo</span> <span class='ocrx_word' id='word_1_63' title='bbox 874 1017 987 1089; x_wconf 89' lang='lat' dir='ltr'>modo</span> <span class='ocrx_word' id='word_1_64' title='bbox 1001 1036 1086 1099; x_wconf 86' lang='lat' dir='ltr'>cum</span> 
     </span>
     <span class='ocr_line' id='line_1_10' title="bbox 62 1106 1085 1232; baseline -0.004 -42"><span class='ocrx_word' id='word_1_65' title='bbox 62 1106 233 1193; x_wconf 76' lang='lat' dir='ltr'>luteribus</span> <span class='ocrx_word' id='word_1_66' title='bbox 252 1116 449 1232; x_wconf 74' lang='lat' dir='ltr'>sanctisque</span> <span class='ocrx_word' id='word_1_67' title='bbox 466 1116 536 1189; x_wconf 93' lang='lat' dir='ltr'>Dei</span> <span class='ocrx_word' id='word_1_68' title='bbox 553 1115 800 1189; x_wconf 88' lang='lat' dir='ltr'>universorum</span> <span class='ocrx_word' id='word_1_69' title='bbox 822 1116 927 1189; x_wconf 88' lang='lat' dir='ltr'>donis</span> <span class='ocrx_word' id='word_1_70' title='bbox 943 1115 1085 1188; x_wconf 87' lang='lat' dir='ltr'>confer·</span> 
     </span>
     <span class='ocr_line' id='line_1_11' title="bbox 60 1213 1159 1330; baseline -0.001 -41"><span class='ocrx_word' id='word_1_71' title='bbox 60 1220 137 1293; x_wconf 82' lang='lat' dir='ltr'>rdae.</span> <span class='ocrx_word' id='word_1_72' title='bbox 190 1218 282 1315; x_wconf 84' lang='lat' dir='ltr'>Quae</span> <span class='ocrx_word' id='word_1_73' title='bbox 303 1218 399 1288; x_wconf 92' lang='lat' dir='ltr'>enim</span> <span class='ocrx_word' id='word_1_74' title='bbox 415 1221 640 1330; x_wconf 79' lang='lat' dir='ltr'>comparatio</span> <span class='ocrx_word' id='word_1_75' title='bbox 668 1236 927 1309; x_wconf 84' lang='lat' dir='ltr'>corporearum</span> <span class='ocrx_word' id='word_1_76' title='bbox 945 1213 1016 1288; x_wconf 79' lang='lat' dir='ltr'>elle</span> <span class='ocrx_word' id='word_1_77' title='bbox 1035 1216 1087 1288; x_wconf 89' lang='lat' dir='ltr'>di·</span> <span class='ocrx_word' id='word_1_78' title='bbox 1151 1222 1159 1235; x_wconf 85' lang='grc'><strong>’</strong></span> 
     </span>
     <span class='ocr_line' id='line_1_12' title="bbox 64 1313 1087 1409; baseline -0.002 -21"><span class='ocrx_word' id='word_1_79' title='bbox 64 1319 191 1390; x_wconf 82' lang='lat' dir='ltr'>ciarum</span> <span class='ocrx_word' id='word_1_80' title='bbox 217 1314 337 1409; x_wconf 89' lang='lat' dir='ltr'>potest</span> <span class='ocrx_word' id='word_1_81' title='bbox 362 1336 444 1388; x_wconf 87' lang='lat' dir='ltr'>cum</span> <span class='ocrx_word' id='word_1_82' title='bbox 462 1317 504 1387; x_wconf 89' lang='lat' dir='ltr'>iis</span> <span class='ocrx_word' id='word_1_83' title='bbox 527 1317 655 1406; x_wconf 90' lang='lat' dir='ltr'>quibus</span> <span class='ocrx_word' id='word_1_84' title='bbox 679 1317 796 1386; x_wconf 75' lang='lat' dir='ltr'>divites</span> <span class='ocrx_word' id='word_1_85' title='bbox 818 1313 956 1405; x_wconf 83' lang='lat' dir='ltr'>limus¹</span> <span class='ocrx_word' id='word_1_86' title='bbox 945 1340 982 1385; x_wconf 84' lang='lat' dir='ltr'>m</span> <span class='ocrx_word' id='word_1_87' title='bbox 999 1321 1087 1386; x_wconf 81' lang='lat' dir='ltr'>omni</span> 
     </span>
     <span class='ocr_line' id='line_1_13' title="bbox 60 1414 1087 1510; baseline 0.006 -26.041"><span class='ocrx_word' id='word_1_88' title='bbox 60 1418 118 1485; x_wconf 79' lang='lat' dir='ltr'>rio</span> <span class='ocrx_word' id='word_1_89' title='bbox 140 1417 215 1492; x_wconf 74' lang='lat'>(5</span> <span class='ocrx_word' id='word_1_90' title='bbox 201 1440 239 1486; x_wconf 72' lang='lat' dir='ltr'>tn</span> <span class='ocrx_word' id='word_1_91' title='bbox 258 1422 346 1485; x_wconf 80' lang='lat' dir='ltr'>omni</span> <span class='ocrx_word' id='word_1_92' title='bbox 367 1414 557 1510; x_wconf 70' lang='lat' dir='ltr'>sapientia?</span> <span class='ocrx_word' id='word_1_93' title='bbox 583 1418 675 1510; x_wconf 81' lang='lat' dir='ltr'>Quis</span> <span class='ocrx_word' id='word_1_94' title='bbox 700 1415 762 1487; x_wconf 88' lang='lat' dir='ltr'>nisr</span> <span class='ocrx_word' id='word_1_95' title='bbox 784 1436 907 1489; x_wconf 80' lang='lat' dir='ltr'>amens</span> <span class='ocrx_word' id='word_1_96' title='bbox 925 1418 1087 1490; x_wconf 87' lang='lat' dir='ltr'>carnium</span> 
     </span>
     <span class='ocr_line' id='line_1_14' title="bbox 60 1512 1085 1617; baseline -0.001 -28"><span class='ocrx_word' id='word_1_97' title='bbox 60 1514 220 1608; x_wconf 86' lang='lat' dir='ltr'>iiurnque</span> <span class='ocrx_word' id='word_1_98' title='bbox 250 1512 435 1599; x_wconf 85' lang='lat' dir='ltr'>sanitatem</span> <span class='ocrx_word' id='word_1_99' title='bbox 461 1514 629 1587; x_wconf 84' lang='lat' dir='ltr'>conferat</span> <span class='ocrx_word' id='word_1_100' title='bbox 655 1534 737 1617; x_wconf 84' lang='lat' dir='ltr'>cum</span> <span class='ocrx_word' id='word_1_101' title='bbox 760 1513 909 1588; x_wconf 85' lang='lat' dir='ltr'>sanitate</span> <span class='ocrx_word' id='word_1_102' title='bbox 929 1518 1085 1609; x_wconf 81' lang='lat' dir='ltr'>mentis,</span> 
     </span>
     <span class='ocr_line' id='line_1_15' title="bbox 60 1607 1085 1728; baseline -0.001 -42"><span class='ocrx_word' id='word_1_103' title='bbox 60 1617 149 1687; x_wconf 84' lang='lat' dir='ltr'>rimae</span> <span class='ocrx_word' id='word_1_104' title='bbox 171 1610 360 1705; x_wconf 84' lang='lat' dir='ltr'>firmitate,</span> <span class='ocrx_word' id='word_1_105' title='bbox 388 1607 724 1728; x_wconf 75' lang='lat' dir='ltr'>cogitationumque</span> <span class='ocrx_word' id='word_1_106' title='bbox 751 1628 832 1705; x_wconf 84' lang='lat' dir='ltr'>apta</span> <span class='ocrx_word' id='word_1_107' title='bbox 853 1615 1085 1706; x_wconf 80' lang='lat' dir='ltr'>compositio·</span> 
     </span>
     <span class='ocr_line' id='line_1_16' title="bbox 60 1712 1083 1806; baseline -0.001 -19.979"><span class='ocrx_word' id='word_1_108' title='bbox 60 1712 99 1786; x_wconf 81' lang='lat'><strong>?</strong></span> <span class='ocrx_word' id='word_1_109' title='bbox 126 1712 214 1786; x_wconf 86' lang='lat' dir='ltr'>Haec</span> <span class='ocrx_word' id='word_1_110' title='bbox 237 1715 331 1786; x_wconf 89' lang='lat' dir='ltr'>enim</span> <span class='ocrx_word' id='word_1_111' title='bbox 352 1715 495 1804; x_wconf 83' lang='lat' dir='ltr'>omnia,</span> <span class='ocrx_word' id='word_1_112' title='bbox 522 1712 547 1784; x_wconf 86' lang='lat' dir='ltr'>ir</span> <span class='ocrx_word' id='word_1_113' title='bbox 566 1712 639 1784; x_wconf 90' lang='lat' dir='ltr'>Der</span> <span class='ocrx_word' id='word_1_114' title='bbox 656 1714 772 1785; x_wconf 84' lang='lat' dir='ltr'>verbo</span> <span class='ocrx_word' id='word_1_115' title='bbox 790 1727 989 1806; x_wconf 82' lang='lat' dir='ltr'>temperata</span> <span class='ocrx_word' id='word_1_116' title='bbox 1004 1713 1083 1802; x_wconf 88' lang='lat' dir='ltr'>srnt,</span> 
     </span>
     <span class='ocr_line' id='line_1_17' title="bbox 61 1804 1135 1908; baseline 0.002 -26"><span class='ocrx_word' id='word_1_117' title='bbox 61 1815 163 1884; x_wconf 88' lang='lat' dir='ltr'>ciunt</span> <span class='ocrx_word' id='word_1_118' title='bbox 180 1826 223 1885; x_wconf 87' lang='lat' dir='ltr'>ut</span> <span class='ocrx_word' id='word_1_119' title='bbox 237 1810 385 1908; x_wconf 72' lang='lat' dir='ltr'>punctio</span> <span class='ocrx_word' id='word_1_120' title='bbox 402 1814 533 1900; x_wconf 87' lang='lat' dir='ltr'>tenuis,</span> <span class='ocrx_word' id='word_1_121' title='bbox 561 1812 594 1883; x_wconf 79' lang='lat' dir='ltr'>dr</span> <span class='ocrx_word' id='word_1_122' title='bbox 615 1811 639 1883; x_wconf 85' lang='lat' dir='ltr'><strong>fi</strong></span> <span class='ocrx_word' id='word_1_123' title='bbox 656 1812 739 1900; x_wconf 88' lang='lat' dir='ltr'>quid</span> <span class='ocrx_word' id='word_1_124' title='bbox 754 1811 949 1906; x_wconf 72' lang='lat' dir='ltr'>punitione</span> <span class='ocrx_word' id='word_1_125' title='bbox 966 1816 1084 1885; x_wconf 85' lang='lat' dir='ltr'>levius</span> <span class='ocrx_word' id='word_1_126' title='bbox 1132 1804 1135 1815; x_wconf 67' lang='lat'><em>&#39;</em></span> 
     </span>
    </p>
   </div>
   <div class='ocr_carea' id='block_1_4' title="bbox 60 1909 1201 2003">
    <p class='ocr_par' dir='ltr' id='par_1_4' title="bbox 60 1909 1201 2003">
     <span class='ocr_line' id='line_1_18' title="bbox 60 1909 1201 2003; baseline -0.002 -20"><span class='ocrx_word' id='word_1_127' title='bbox 60 1925 217 2002; x_wconf 75' lang='lat' dir='ltr'>namus,</span> <span class='ocrx_word' id='word_1_128' title='bbox 255 1929 443 2003; x_wconf 79' lang='lat' dir='ltr'>corporee</span> <span class='ocrx_word' id='word_1_129' title='bbox 474 1931 602 1983; x_wconf 86' lang='lat' dir='ltr'>omnes</span> <span class='ocrx_word' id='word_1_130' title='bbox 635 1925 798 1982; x_wconf 83' lang='lat' dir='ltr'>aerumnae</span> <span class='ocrx_word' id='word_1_131' title='bbox 827 1909 1085 1987; x_wconf 75' lang='lat' dir='ltr'>existimentur.</span> <span class='ocrx_word' id='word_1_132' title='bbox 1198 1995 1201 2002; x_wconf 66' lang='lat'><em>,</em></span> 
     </span>
    </p>
   </div>
   <div class='ocr_carea' id='block_1_5' title="bbox 60 2009 1139 3795">
    <p class='ocr_par' dir='ltr' id='par_1_5' title="bbox 60 2009 1139 3795">
     <span class='ocr_line' id='line_1_19' title="bbox 63 2009 1084 2104; baseline 0.001 -23"><span class='ocrx_word' id='word_1_133' title='bbox 63 2012 100 2082; x_wconf 91' lang='lat' dir='ltr'>ui</span> <span class='ocrx_word' id='word_1_134' title='bbox 122 2025 242 2085; x_wconf 84' lang='lat' dir='ltr'>autern</span> <span class='ocrx_word' id='word_1_135' title='bbox 267 2022 393 2084; x_wconf 90' lang='lat' dir='ltr'>mente</span> <span class='ocrx_word' id='word_1_136' title='bbox 422 2011 636 2104; x_wconf 88' lang='lat' dir='ltr'>conceperit</span> <span class='ocrx_word' id='word_1_137' title='bbox 657 2030 735 2100; x_wconf 84' lang='lat' dir='ltr'>quae</span> <span class='ocrx_word' id='word_1_138' title='bbox 763 2010 804 2082; x_wconf 91' lang='lat' dir='ltr'>slt</span> <span class='ocrx_word' id='word_1_139' title='bbox 826 2011 919 2081; x_wconf 90' lang='lat' dir='ltr'>illius</span> <span class='ocrx_word' id='word_1_140' title='bbox 949 2009 1084 2102; x_wconf 81' lang='lat' dir='ltr'>sponsae</span> 
     </span>
     <span class='ocr_line' id='line_1_20' title="bbox 60 2107 1085 2207; baseline 0.002 -27"><span class='ocrx_word' id='word_1_141' title='bbox 60 2108 257 2183; x_wconf 82' lang='lat' dir='ltr'>rlchritudo</span> <span class='ocrx_word' id='word_1_142' title='bbox 278 2131 382 2200; x_wconf 87' lang='lat' dir='ltr'>quarn</span> <span class='ocrx_word' id='word_1_143' title='bbox 403 2108 549 2207; x_wconf 81' lang='lat' dir='ltr'>sponsus</span> <span class='ocrx_word' id='word_1_144' title='bbox 566 2114 625 2200; x_wconf 91' lang='lat' dir='ltr'>qui</span> <span class='ocrx_word' id='word_1_145' title='bbox 641 2107 692 2180; x_wconf 87' lang='lat' dir='ltr'>est</span> <span class='ocrx_word' id='word_1_146' title='bbox 711 2109 781 2181; x_wconf 92' lang='lat' dir='ltr'>Dei</span> <span class='ocrx_word' id='word_1_147' title='bbox 806 2111 956 2182; x_wconf 88' lang='lat' dir='ltr'>verbum</span> <span class='ocrx_word' id='word_1_148' title='bbox 977 2125 1085 2191; x_wconf 82' lang='lat' dir='ltr'>amat,</span> 
     </span>
     <span class='ocr_line' id='line_1_21' title="bbox 60 2207 1084 2302; baseline 0.001 -21"><span class='ocrx_word' id='word_1_149' title='bbox 60 2210 149 2282; x_wconf 84' lang='lat' dir='ltr'>rirnae</span> <span class='ocrx_word' id='word_1_150' title='bbox 163 2213 307 2301; x_wconf 85' lang='lat' dir='ltr'>inquam</span> <span class='ocrx_word' id='word_1_151' title='bbox 323 2210 660 2302; x_wconf 64' lang='lat' dir='ltr'>cmpulchritudine</span> <span class='ocrx_word' id='word_1_152' title='bbox 675 2207 840 2281; x_wconf 81' lang='lat' dir='ltr'>florentis</span> <span class='ocrx_word' id='word_1_153' title='bbox 865 2230 943 2301; x_wconf 84' lang='lat' dir='ltr'>quae</span> <span class='ocrx_word' id='word_1_154' title='bbox 963 2209 995 2282; x_wconf 71' lang='grc' dir='ltr'><strong>ἃ</strong></span> <span class='ocrx_word' id='word_1_155' title='bbox 1016 2229 1084 2282; x_wconf 82' lang='lat' dir='ltr'>cae·</span> 
     </span>
     <span class='ocr_line' id='line_1_22' title="bbox 61 2307 1091 2402; baseline 0.001 -19"><span class='ocrx_word' id='word_1_156' title='bbox 61 2331 96 2383; x_wconf 85' lang='lat' dir='ltr'>m</span> <span class='ocrx_word' id='word_1_157' title='bbox 114 2307 148 2382; x_wconf 76' lang='lat' dir='ltr'>o</span> <span class='ocrx_word' id='word_1_158' title='bbox 168 2308 341 2381; x_wconf 89' lang='lat' dir='ltr'>mundum</span> <span class='ocrx_word' id='word_1_159' title='bbox 357 2308 469 2402; x_wconf 89' lang='lat' dir='ltr'>ipsum</span> <span class='ocrx_word' id='word_1_160' title='bbox 487 2307 651 2396; x_wconf 85' lang='lat' dir='ltr'>excedit,</span> <span class='ocrx_word' id='word_1_161' title='bbox 679 2329 761 2381; x_wconf 90' lang='lat' dir='ltr'>eum</span> <span class='ocrx_word' id='word_1_162' title='bbox 782 2308 933 2401; x_wconf 90' lang='lat' dir='ltr'>pudebit</span> <span class='ocrx_word' id='word_1_163' title='bbox 952 2309 1091 2384; x_wconf 86' lang='lat' dir='ltr'>eodern·</span> 
     </span>
     <span class='ocr_line' id='line_1_23' title="bbox 60 2409 1084 2501; baseline 0 -21"><span class='ocrx_word' id='word_1_164' title='bbox 60 2409 299 2487; x_wconf 77' lang='lat' dir='ltr'>lentitudinis</span> <span class='ocrx_word' id='word_1_165' title='bbox 312 2412 462 2480; x_wconf 84' lang='lat' dir='ltr'>nominc</span> <span class='ocrx_word' id='word_1_166' title='bbox 476 2426 691 2500; x_wconf 75' lang='lat' dir='ltr'>corpoream</span> <span class='ocrx_word' id='word_1_167' title='bbox 703 2428 833 2480; x_wconf 82' lang='lat' dir='ltr'>ornare</span> <span class='ocrx_word' id='word_1_168' title='bbox 851 2409 1084 2501; x_wconf 88' lang='lat' dir='ltr'>pulchritudi-</span> 
     </span>
     <span class='ocr_line' id='line_1_24' title="bbox 60 2506 1084 2600; baseline 0 -19"><span class='ocrx_word' id='word_1_169' title='bbox 60 2506 198 2593; x_wconf 78' lang='lat' dir='ltr'>enrfive</span> <span class='ocrx_word' id='word_1_170' title='bbox 215 2508 373 2581; x_wconf 81' lang='lat' dir='ltr'>mulieris</span> <span class='ocrx_word' id='word_1_171' title='bbox 391 2507 463 2579; x_wconf 82' lang='lat' dir='ltr'>live</span> <span class='ocrx_word' id='word_1_172' title='bbox 480 2510 580 2600; x_wconf 92' lang='lat' dir='ltr'>pueri</span> <span class='ocrx_word' id='word_1_173' title='bbox 597 2507 671 2581; x_wconf 90' lang='lat' dir='ltr'>srve</span> <span class='ocrx_word' id='word_1_174' title='bbox 688 2509 774 2581; x_wconf 91' lang='lat' dir='ltr'>viri:</span> <span class='ocrx_word' id='word_1_175' title='bbox 800 2530 882 2582; x_wconf 85' lang='lat' dir='ltr'>curn</span> <span class='ocrx_word' id='word_1_176' title='bbox 896 2529 991 2580; x_wconf 89' lang='lat' dir='ltr'>verae</span> <span class='ocrx_word' id='word_1_177' title='bbox 1008 2510 1084 2600; x_wconf 88' lang='lat' dir='ltr'>pul·</span> 
     </span>
     <span class='ocr_line' id='line_1_25' title="bbox 60 2605 1139 2700; baseline -0.001 -20"><span class='ocrx_word' id='word_1_178' title='bbox 60 2605 235 2680; x_wconf 82' lang='lat' dir='ltr'>rritudinis</span> <span class='ocrx_word' id='word_1_179' title='bbox 257 2627 342 2679; x_wconf 89' lang='lat' dir='ltr'>caro</span> <span class='ocrx_word' id='word_1_180' title='bbox 363 2627 442 2679; x_wconf 92' lang='lat' dir='ltr'>non</span> <span class='ocrx_word' id='word_1_181' title='bbox 464 2609 661 2699; x_wconf 75' lang='lat' dir='ltr'>incapax,</span> <span class='ocrx_word' id='word_1_182' title='bbox 689 2606 748 2680; x_wconf 87' lang='lat' dir='ltr'>sed</span> <span class='ocrx_word' id='word_1_183' title='bbox 761 2620 848 2680; x_wconf 83' lang='lat' dir='ltr'>-totn</span> <span class='ocrx_word' id='word_1_184' title='bbox 869 2606 911 2679; x_wconf 91' lang='lat' dir='ltr'>s1t</span> <span class='ocrx_word' id='word_1_185' title='bbox 930 2611 1085 2700; x_wconf 88' lang='lat' dir='ltr'>turpitu·</span> <span class='ocrx_word' id='word_1_186' title='bbox 1134 2662 1139 2667; x_wconf 87' lang='lat'>.</span> 
     </span>
     <span class='ocr_line' id='line_1_26' title="bbox 60 2704 1084 2799; baseline 0.002 -22"><span class='ocrx_word' id='word_1_187' title='bbox 60 2724 85 2781; x_wconf 77' lang='lat' dir='ltr'>l.</span> <span class='ocrx_word' id='word_1_188' title='bbox 135 2705 265 2779; x_wconf 81' lang='lat' dir='ltr'>Omnis</span> <span class='ocrx_word' id='word_1_189' title='bbox 284 2706 382 2779; x_wconf 86' lang='lat' dir='ltr'>enim</span> <span class='ocrx_word' id='word_1_190' title='bbox 409 2726 493 2777; x_wconf 83' lang='lat' dir='ltr'>caro</span> <span class='ocrx_word' id='word_1_191' title='bbox 515 2704 599 2777; x_wconf 85' lang='lat' dir='ltr'>foeni</span> <span class='ocrx_word' id='word_1_192' title='bbox 617 2705 723 2779; x_wconf 82' lang='lat' dir='ltr'>instar</span> <span class='ocrx_word' id='word_1_193' title='bbox 739 2705 813 2798; x_wconf 77' lang='lat' dir='ltr'>est,</span> <span class='ocrx_word' id='word_1_194' title='bbox 841 2710 988 2799; x_wconf 84' lang='lat' dir='ltr'>ejusque</span> <span class='ocrx_word' id='word_1_195' title='bbox 1006 2709 1084 2798; x_wconf 79' lang='lat' dir='ltr'>glo·</span> 
     </span>
     <span class='ocr_line' id='line_1_27' title="bbox 60 2804 1084 2898; baseline 0.002 -22"><span class='ocrx_word' id='word_1_196' title='bbox 60 2824 193 2894; x_wconf 80' lang='lat' dir='ltr'>uquam</span> <span class='ocrx_word' id='word_1_197' title='bbox 209 2807 325 2878; x_wconf 84' lang='lat' dir='ltr'>oculis</span> <span class='ocrx_word' id='word_1_198' title='bbox 343 2805 492 2878; x_wconf 86' lang='lat' dir='ltr'>exhibet</span> <span class='ocrx_word' id='word_1_199' title='bbox 506 2804 567 2876; x_wconf 82' lang='lat' dir='ltr'>illa</span> <span class='ocrx_word' id='word_1_200' title='bbox 584 2825 662 2895; x_wconf 86' lang='lat' dir='ltr'>quae</span> <span class='ocrx_word' id='word_1_201' title='bbox 675 2808 862 2878; x_wconf 89' lang='lat' dir='ltr'>mulierum</span> <span class='ocrx_word' id='word_1_202' title='bbox 879 2823 940 2877; x_wconf 86' lang='lat' dir='ltr'>aut</span> <span class='ocrx_word' id='word_1_203' title='bbox 953 2827 1084 2898; x_wconf 85' lang='lat' dir='ltr'>puero·</span> 
     </span>
     <span class='ocr_line' id='line_1_28' title="bbox 60 2901 1082 2997; baseline 0.004 -22"><span class='ocrx_word' id='word_1_204' title='bbox 60 2925 101 2977; x_wconf 75' lang='lat' dir='ltr'>lm</span> <span class='ocrx_word' id='word_1_205' title='bbox 137 2905 268 2978; x_wconf 87' lang='lat' dir='ltr'>dicitur</span> <span class='ocrx_word' id='word_1_206' title='bbox 302 2905 564 2997; x_wconf 78' lang='lat' dir='ltr'>pulchritudo,</span> <span class='ocrx_word' id='word_1_207' title='bbox 601 2901 684 2976; x_wconf 88' lang='lat' dir='ltr'>flori</span> <span class='ocrx_word' id='word_1_208' title='bbox 723 2919 953 2995; x_wconf 77' lang='lat' dir='ltr'>comparatur</span> <span class='ocrx_word' id='word_1_209' title='bbox 979 2906 1082 2995; x_wconf 74' lang='lat' dir='ltr'>juxti</span> 
     </span>
     <span class='ocr_line' id='line_1_29' title="bbox 60 3002 1082 3096; baseline 0.001 -25"><span class='ocrx_word' id='word_1_210' title='bbox 60 3003 213 3096; x_wconf 68' lang='lat' dir='ltr'>rophetae</span> <span class='ocrx_word' id='word_1_211' title='bbox 231 3003 432 3077; x_wconf 83' lang='lat' dir='ltr'>sermonem</span> <span class='ocrx_word' id='word_1_212' title='bbox 454 3003 629 3075; x_wconf 82' lang='lat' dir='ltr'>dicentis:</span> <span class='ocrx_word' id='word_1_213' title='bbox 655 3009 767 3074; x_wconf 85' lang='lat' dir='ltr'>Ommr</span> <span class='ocrx_word' id='word_1_214' title='bbox 788 3006 1016 3096; x_wconf 69' lang='lat' dir='ltr'>canescellum,</span> <span class='ocrx_word' id='word_1_215' title='bbox 1041 3002 1082 3081; x_wconf 66' lang='grc' dir='ltr'>θ’</span> 
     </span>
     <span class='ocr_line' id='line_1_30' title="bbox 60 3104 1082 3202; baseline -0.001 -29"><span class='ocrx_word' id='word_1_216' title='bbox 60 3104 124 3173; x_wconf 82' lang='lat' dir='ltr'>mis</span> <span class='ocrx_word' id='word_1_217' title='bbox 135 3110 237 3199; x_wconf 82' lang='lat' dir='ltr'>gloria</span> <span class='ocrx_word' id='word_1_218' title='bbox 251 3106 338 3202; x_wconf 74' lang='lat' dir='ltr'>ejus,</span> <span class='ocrx_word' id='word_1_219' title='bbox 364 3104 518 3202; x_wconf 80' lang='lat' dir='ltr'>quaſsflos</span> <span class='ocrx_word' id='word_1_220' title='bbox 530 3104 627 3196; x_wconf 72' lang='lat' dir='ltr'>serti.</span> <span class='ocrx_word' id='word_1_221' title='bbox 679 3109 781 3176; x_wconf 79' lang='lat' dir='ltr'>Aruit</span> <span class='ocrx_word' id='word_1_222' title='bbox 798 3105 945 3193; x_wconf 67' lang='lat' dir='ltr'>fertum,</span> <span class='ocrx_word' id='word_1_223' title='bbox 970 3106 1007 3179; x_wconf 68' lang='grc'>(9</span> <span class='ocrx_word' id='word_1_224' title='bbox 1019 3104 1082 3201; x_wconf 76' lang='lat' dir='ltr'>flos</span> 
     </span>
     <span class='ocr_line' id='line_1_31' title="bbox 60 3206 1081 3296; baseline 0.007 -26"><span class='ocrx_word' id='word_1_225' title='bbox 60 3206 154 3275; x_wconf 71' lang='lat' dir='ltr'>:iditc</span> <span class='ocrx_word' id='word_1_226' title='bbox 189 3207 319 3277; x_wconf 81' lang='lat' dir='ltr'>verbum</span> <span class='ocrx_word' id='word_1_227' title='bbox 343 3221 450 3276; x_wconf 84' lang='lat' dir='ltr'>aurem</span> <span class='ocrx_word' id='word_1_228' title='bbox 485 3210 620 3274; x_wconf 82' lang='lat' dir='ltr'>Domini</span> <span class='ocrx_word' id='word_1_229' title='bbox 644 3224 752 3276; x_wconf 83' lang='lat' dir='ltr'>manet</span> <span class='ocrx_word' id='word_1_230' title='bbox 767 3239 771 3265; x_wconf 79' lang='grc' dir='ltr'>ι</span> <span class='ocrx_word' id='word_1_231' title='bbox 786 3213 822 3273; x_wconf 85' lang='lat' dir='ltr'>in</span> <span class='ocrx_word' id='word_1_232' title='bbox 842 3206 1081 3296; x_wconf 82' lang='lat' dir='ltr'>sempiternum.</span> 
     </span>
     <span class='ocr_line' id='line_1_32' title="bbox 60 3304 1083 3396; baseline 0.003 -21"><span class='ocrx_word' id='word_1_233' title='bbox 60 3304 115 3375; x_wconf 82' lang='lat' dir='ltr'>uis</span> <span class='ocrx_word' id='word_1_234' title='bbox 133 3307 241 3378; x_wconf 76' lang='lat' dir='ltr'>etiarn</span> <span class='ocrx_word' id='word_1_235' title='bbox 259 3306 486 3378; x_wconf 78' lang='lat' dir='ltr'>nobilitatem</span> <span class='ocrx_word' id='word_1_236' title='bbox 502 3305 648 3396; x_wconf 88' lang='lat' dir='ltr'>proprie</span> <span class='ocrx_word' id='word_1_237' title='bbox 668 3305 820 3377; x_wconf 85' lang='lat' dir='ltr'>vocabit</span> <span class='ocrx_word' id='word_1_238' title='bbox 838 3324 915 3376; x_wconf 84' lang='lat' dir='ltr'>earn</span> <span class='ocrx_word' id='word_1_239' title='bbox 933 3324 1010 3395; x_wconf 90' lang='lat' dir='ltr'>quae</span> <span class='ocrx_word' id='word_1_240' title='bbox 1026 3304 1083 3378; x_wconf 89' lang='lat' dir='ltr'>so-</span> 
     </span>
     <span class='ocr_line' id='line_1_33' title="bbox 60 3399 1083 3497; baseline 0.006 -23"><span class='ocrx_word' id='word_1_241' title='bbox 60 3418 74 3474; x_wconf 83' lang='lat' dir='ltr'>t</span> <span class='ocrx_word' id='word_1_242' title='bbox 89 3407 183 3497; x_wconf 86' lang='lat' dir='ltr'>apud</span> <span class='ocrx_word' id='word_1_243' title='bbox 197 3407 363 3478; x_wconf 85' lang='lat' dir='ltr'>homines</span> <span class='ocrx_word' id='word_1_244' title='bbox 378 3404 548 3475; x_wconf 85' lang='lat' dir='ltr'>nobilitas</span> <span class='ocrx_word' id='word_1_245' title='bbox 561 3402 653 3495; x_wconf 89' lang='lat' dir='ltr'>dici,</span> <span class='ocrx_word' id='word_1_246' title='bbox 671 3404 693 3476; x_wconf 90' lang='lat' dir='ltr'>sr</span> <span class='ocrx_word' id='word_1_247' title='bbox 708 3405 821 3476; x_wconf 89' lang='lat' dir='ltr'>modo</span> <span class='ocrx_word' id='word_1_248' title='bbox 838 3399 993 3477; x_wconf 85' lang='lat' dir='ltr'>filiorum</span> <span class='ocrx_word' id='word_1_249' title='bbox 1010 3404 1083 3480; x_wconf 86' lang='lat' dir='ltr'>Dei</span> 
     </span>
     <span class='ocr_line' id='line_1_34' title="bbox 60 3499 1084 3601; baseline 0.002 -27"><span class='ocrx_word' id='word_1_250' title='bbox 60 3503 250 3579; x_wconf 72' lang='lat' dir='ltr'>&gt;uilitatem</span> <span class='ocrx_word' id='word_1_251' title='bbox 271 3499 516 3601; x_wconf 73' lang='lat' dir='ltr'>cognoverit?</span> <span class='ocrx_word' id='word_1_252' title='bbox 553 3514 713 3598; x_wconf 81' lang='lat' dir='ltr'>llegnunr</span> <span class='ocrx_word' id='word_1_253' title='bbox 738 3518 857 3576; x_wconf 86' lang='lat' dir='ltr'>autem</span> <span class='ocrx_word' id='word_1_254' title='bbox 879 3501 1036 3574; x_wconf 83' lang='lat' dir='ltr'>Christi</span> <span class='ocrx_word' id='word_1_255' title='bbox 1027 3527 1084 3583; x_wconf 78' lang='lat' dir='ltr'>m</span> 
     </span>
     <span class='ocr_line' id='line_1_35' title="bbox 60 3600 1082 3694; baseline 0.003 -20"><span class='ocrx_word' id='word_1_256' title='bbox 60 3601 331 3678; x_wconf 70' lang='lat' dir='ltr'>&gt;reptionem</span> <span class='ocrx_word' id='word_1_257' title='bbox 353 3606 598 3694; x_wconf 86' lang='lat' dir='ltr'>contemplata</span> <span class='ocrx_word' id='word_1_258' title='bbox 618 3625 718 3676; x_wconf 85' lang='lat' dir='ltr'>mens</span> <span class='ocrx_word' id='word_1_259' title='bbox 736 3600 865 3684; x_wconf 89' lang='lat' dir='ltr'>fuerit</span> <span class='ocrx_word' id='word_1_260' title='bbox 891 3604 1082 3693; x_wconf 84' lang='lat' dir='ltr'>quomodo</span> 
     </span>
     <span class='ocr_line' id='line_1_36' title="bbox 61 3702 1084 3795; baseline 0.002 -23"><span class='ocrx_word' id='word_1_261' title='bbox 61 3722 205 3779; x_wconf 87' lang='lat' dir='ltr'>rrenutn</span> <span class='ocrx_word' id='word_1_262' title='bbox 228 3725 337 3778; x_wconf 87' lang='lat' dir='ltr'>omne</span> <span class='ocrx_word' id='word_1_263' title='bbox 354 3722 501 3795; x_wconf 86' lang='lat' dir='ltr'>regnum</span> <span class='ocrx_word' id='word_1_264' title='bbox 519 3702 613 3792; x_wconf 82' lang='lat' dir='ltr'>qnasr</span> <span class='ocrx_word' id='word_1_265' title='bbox 629 3703 761 3774; x_wconf 81' lang='lat' dir='ltr'>nullius</span> <span class='ocrx_word' id='word_1_266' title='bbox 777 3703 881 3792; x_wconf 90' lang='lat' dir='ltr'>pretii</span> <span class='ocrx_word' id='word_1_267' title='bbox 902 3722 978 3774; x_wconf 92' lang='lat' dir='ltr'>non</span> <span class='ocrx_word' id='word_1_268' title='bbox 994 3722 1084 3774; x_wconf 86' lang='lat' dir='ltr'>con·</span> 
     </span>
    </p>
   </div>
   <div class='ocr_carea' id='block_1_6' title="bbox 60 3798 1085 3968">
    <p class='ocr_par' dir='ltr' id='par_1_6' title="bbox 60 3798 1085 3968">
     <span class='ocr_line' id='line_1_37' title="bbox 60 3798 1085 3967; baseline -0.005 -91"><span class='ocrx_word' id='word_1_269' title='bbox 60 3799 204 3876; x_wconf 73' lang='lat' dir='ltr'>mseriti</span> <span class='ocrx_word' id='word_1_270' title='bbox 228 3798 321 3887; x_wconf 84' lang='lat' dir='ltr'>Item</span> <span class='ocrx_word' id='word_1_271' title='bbox 336 3821 420 3877; x_wconf 84' lang='lat' dir='ltr'>curn</span> <span class='ocrx_word' id='word_1_272' title='bbox 433 3799 658 3899; x_wconf 78' lang='lat' dir='ltr'>Angelorum</span> <span class='ocrx_word' id='word_1_273' title='bbox 674 3803 836 3885; x_wconf 82' lang='lat' dir='ltr'>militiam</span> <span class='ocrx_word' id='word_1_274' title='bbox 851 3802 936 3876; x_wconf 86' lang='lat' dir='ltr'>&amp;in</span> <span class='ocrx_word' id='word_1_275' title='bbox 952 3800 1085 3967; x_wconf 40' lang='lat' dir='ltr'>eisedu·</span> 
     </span>
     <span class='ocr_line' id='line_1_38' title="bbox 973 3919 1042 3968; baseline 0 0"><span class='ocrx_word' id='word_1_276' title='bbox 973 3919 999 3968; x_wconf 65' lang='grc' dir='ltr'>Ω.</span> <span class='ocrx_word' id='word_1_277' title='bbox 1017 3919 1042 3968; x_wconf 53' lang='lat' dir='ltr'>Q</span> 
     </span>
    </p>
   </div>
   <div class='ocr_carea' id='block_1_7' title="bbox 0 0 1254 4254">
    <p class='ocr_par' dir='ltr' id='par_1_7' title="bbox 0 0 1254 4254">
     <span class='ocr_line' id='line_1_39' title="bbox 0 0 1254 4254; baseline 0 0"><span class='ocrx_word' id='word_1_278' title='bbox 0 0 1254 4254; x_wconf 95' lang='lat' dir='ltr'> </span> 
     </span>
    </p>
   </div>
  </div>
 </body>
</html>
