2498 4254
286 146 381 224 DE
432 76 925 230 ORATIONEJ
1046 172 1116 246 531

58 314 136 406 que
146 311 425 400 nominantur&
439 332 484 385 ex
502 330 572 403 qua
584 308 667 384 sunt
683 332 761 403 quae
776 311 1030 385 nominantur:
1056 323 1119 386 aut

55 415 209 507 primurn
230 408 435 505 subfistens,
461 414 634 504 qualitate
658 432 802 484 carens:
828 424 890 483 aut
906 411 1005 494 quod
1027 433 1119 504 prar-

56 510 175 585 existit
191 513 318 585 rebus:
344 513 405 583 vel
421 511 520 604 quod
543 531 671 584 omnes
684 511 815 602 recipit
836 512 1057 584 mutationes
1081 510 1117 583 dr

55 613 315 705 alterationes,
349 630 433 685 cum
461 610 504 684 fit
532 609 644 704 ipsum
674 610 884 683 invariabile
904 610 1006 701 iuxta
1032 632 1119 704 pro·

54 713 167 805 priam
186 713 387 805 rationem:
413 709 591 801 autrquod
612 711 710 783 omni
727 710 930 781 alterationi
954 709 1117 783 &muta-

55 807 332 902 tionisubjacet.
376 807 581 884 Secundum
592 808 666 882 hoc
678 805 870 881 substantia
881 805 932 879 est
945 807 1018 880 srne
1031 830 1118 900 qua·

54 909 177 1002 litate,
203 909 277 983 fine
287 904 399 1004 figura
408 910 512 1001 juxta
524 908 706 1002 propriam
722 909 817 980 suam
832 909 1030 981 rationem:
1055 907 1117 981 sed

54 1029 184 1100 neque,
196 1008 466 1081 determinatam
478 1007 589 1083 habet
606 1007 909 1102 magnitudinem,
937 1009 1038 1080 omni
1059 1016 1119 1080 au·

55 1118 131 1183 tem
149 1108 313 1198 qualitati
331 1107 447 1181 veluti
465 1108 570 1180 locus
588 1117 806 1199 preparatus
830 1103 1007 1198 subjacet.
1033 1106 1118 1179 Vo-

56 1220 142 1280 cant
161 1219 281 1281 autem
298 1207 487 1298 qualitates
507 1204 699 1279 extenfiori
724 1202 825 1286 sensu
844 1204 939 1277 atius
958 1205 992 1277 dc
1010 1202 1119 1278 adio·

55 1327 121 1379 nes
141 1307 178 1379 in
196 1301 407 1379 universum
435 1305 563 1397 quibus
586 1304 760 1379 &motus
780 1304 976 1378 &habitus
997 1306 1118 1377 conti·

55 1407 133 1477 neri
151 1407 315 1500 contigit.
366 1403 514 1501 Negant
526 1405 622 1477 enim
643 1405 851 1496 cuiusquam
870 1403 1000 1478 horum
1014 1405 1119 1494 juxta

55 1506 239 1598 propriam
253 1503 349 1578 suam
365 1501 546 1577 rationem
561 1504 772 1597 participem
789 1501 859 1575 elie
873 1500 1118 1576 substantiam:

54 1601 194 1696 semper
213 1616 334 1677 tamen
351 1603 504 1678 hanc-ce
523 1607 573 1676 ita
591 1599 752 1675 affefiiam
774 1600 899 1675 esseut
918 1603 962 1675 ab
986 1604 1120 1675 horum

54 1703 178 1794 aliquo
194 1700 343 1796 separari
361 1722 439 1776 non
452 1701 574 1796 polilt:
600 1721 642 1774 ae
658 1702 893 1775 nihilominus
909 1711 1029 1793 aptam
1047 1698 1119 1772 elie

57 1823 136 1893 quae
158 1824 285 1874 omnes
311 1800 500 1875 efficientis
529 1798 640 1873 causae
667 1797 765 1872 astus
791 1801 954 1899 recipiat.
1005 1797 1119 1870 Adest

55 1903 154 1974 enim
169 1901 203 1972 ei
217 1902 273 1973 vis
288 1899 448 1992 quaedam
461 1899 627 1972 universa
640 1898 866 1992 pervadens,
892 1919 970 1991 quae
990 1895 1121 1989 &qua-

56 1999 167 2072 litatis
178 2001 296 2072 omnis
310 1998 344 2070 dt
359 1999 551 2090 cujuslibet
564 1999 746 2071 circaeam
757 1995 1026 2090 dispensationis
1038 2017 1120 2068 cau·

55 2097 91 2177 sa
108 2097 160 2177 srt.
191 2095 273 2171 Effe
284 2111 404 2171 autem
419 2118 485 2190 per
502 2097 624 2169 omnia
637 2099 844 2171 mutabilem
861 2094 895 2169 u
913 2118 978 2190 per
998 2101 1121 2170 omnia

57 2196 241 2272 dividuam
252 2194 690 2287 affirmanququamlibet
703 2193 928 2270 substantiam
942 2216 1025 2269 curn
1037 2215 1120 2286 qua·
1226 2252 1235 2281 ,ὃ

56 2298 150 2373 libet
167 2293 237 2369 elle
258 2294 377 2388 posse,
399 2294 535 2368 scilicet
548 2295 697 2371 unitam.
733 2297 919 2391 Quoniam
937 2310 1058 2368 autem
1075 2293 1121 2367 de

56 2393 249 2471 substantia
261 2398 498 2488 inquirentes,
508 2405 659 2488 propter
668 2415 801 2487 panem
811 2392 1125 2479 imraruvsubstan·

55 2494 465 2589 tialem,&populumrr
497 2520 598 2568 :error
610 2494 842 2588 peculiarem,
853 2494 895 2567 ad
904 2492 1123 2590 distinguen-

57 2595 120 2675 dar
135 2592 334 2668 substantie
345 2595 459 2668 varias
466 2519 768 2690 fignificanones,
781 2593 859 2666 haec
871 2593 1045 2681 diximus,
1060 2615 1121 2686 pa·
1170 2590 1174 2599 '

58 2697 115 2767 nis
139 2712 231 2765 vero
247 2694 285 2766 in
301 2692 543 2788 superioribus
560 2691 810 2765 intelledtualis
827 2705 904 2765 erat
925 2712 1031 2783 quem
1051 2712 1122 2764 nos

57 2802 187 2889 petere
208 2803 416 2883 oporteret:
441 2790 638 2867 necessario
653 2788 844 2864 substantia
863 2792 947 2883 pani
965 2804 1123 2885 cognata

57 2890 293 2986 intelligenda
306 2888 368 2978 est,
375 2903 417 2962 ut
427 2889 517 2963 sicut
529 2910 728 2984 corporeus
743 2891 844 2982 panis
854 2891 892 2961 in
902 2891 977 2980 eius
987 2891 1047 2981 qui
1060 2910 1125 2963 nu·

58 2991 166 3062 tritur
180 3008 313 3082 corpus
324 2987 512 3082 immissus,
528 2989 627 3061 cedit
636 2990 674 3060 in
684 2987 789 3081 ipsrus
806 2984 1050 3067 substantiam:
1077 2987 1124 3061 src

58 3086 1126 3184 panisvivusquidecaelodescenditinmentem&animam
1234 3152 1236 3157 Α

57 3185 227 3264 immissus
242 3185 337 3260 suam
352 3187 385 3260 ei
399 3188 646 3261 communicet
658 3188 831 3261 virtutem
848 3188 908 3278 qui
920 3186 955 3259 se
967 3188 1127 3259 nutrien-

60 3289 146 3362 dum
163 3284 227 3380 ipsr
244 3288 449 3380 praebuerit
500 3289 625 3378 Atque
651 3287 701 3359 ita
724 3289 794 3361 erit
816 3288 877 3358 ille
900 3297 1007 3375 quem
1034 3286 1126 3380 peti·

59 3408 173 3480 mus,
206 3387 308 3485 panis
339 3384 583 3462 substantialis.
635 3382 789 3459 Rursus:
822 3382 1127 3476 quemadmodum

56 3488 160 3581 juxta
173 3486 332 3560 alimenti
347 3487 579 3577 qualitatem,
604 3485 704 3579 quod
717 3498 777 3557 aut
791 3480 941 3558 solidum
957 3484 999 3556 fit
1013 3486 1127 3557 athle-

60 3585 181 3676 tisque
207 3587 457 3674 conveniens,
484 3599 547 3659 aut
566 3582 718 3660 lasieum
740 3585 966 3657 oleribus-ve
988 3582 1127 3671 simile,

60 3682 209 3766 diverse
230 3684 311 3758 sunt
326 3687 401 3777 ejus
417 3689 514 3759 vires
536 3687 597 3777 qui
613 3684 792 3772 nutritur;
816 3684 866 3756 ita
880 3686 988 3758 etiam
1003 3679 1128 3755 conse·

64 3803 180 3881 quens
198 3781 271 3881 est,
297 3804 380 3881 cum
402 3785 555 3891 verbum
569 3782 761 3961 Βείνιοωι
775 3782 833 3899 lac
849 3785 971 3881 pueris
989 3801 1114 3896 conve

144 3914 148 3921 ·
715 3902 740 3971 q
971 3898 1082 3954 utens
