<?xml version="1.0" encoding="UTF-8"?>
<!DOCTYPE html PUBLIC "-//W3C//DTD XHTML 1.0 Transitional//EN"
    "http://www.w3.org/TR/xhtml1/DTD/xhtml1-transitional.dtd">
<html xmlns="http://www.w3.org/1999/xhtml" xml:lang="en" lang="en">
 <head>
  <title>
</title>
<meta http-equiv="Content-Type" content="text/html;charset=utf-8" />
  <meta name='ocr-system' content='tesseract 3.04.00' />
  <meta name='ocr-capabilities' content='ocr_page ocr_carea ocr_par ocr_line ocrx_word'/>
</head>
<body>
  <div class='ocr_page' id='page_1' title='image "./operaomniasanct08unkngoog_0437.png"; bbox 0 0 2498 4254; ppageno 0'>
   <div class='ocr_carea' id='block_1_1' title="bbox 53 64 861 235">
    <p class='ocr_par' dir='ltr' id='par_1_1' title="bbox 53 64 861 249">
     <span class='ocr_line' id='line_1_1' title="bbox 53 64 861 235; baseline 0.002 -30"><span class='ocrx_word' id='word_1_1' title='bbox 53 64 202 235; x_wconf 45' lang='lat'>‘⁵334</span> <span class='ocrx_word' id='word_1_2' title='bbox 450 95 861 218; x_wconf 80' lang='lat' dir='ltr'>our-crurs</span> 
     </span>
    </p>
   </div>
   <div class='ocr_carea' id='block_1_2' title="bbox 329 314 997 412">
    <p class='ocr_par' dir='ltr' id='par_1_2' title="bbox 329 314 997 412">
     <span class='ocr_line' id='line_1_2' title="bbox 329 314 997 412; baseline 0.012 -9"><span class='ocrx_word' id='word_1_3' title='bbox 329 314 520 404; x_wconf 81' lang='lat' dir='ltr'>Rurrnr</span> <span class='ocrx_word' id='word_1_4' title='bbox 556 327 997 412; x_wconf 66' lang='lat' dir='ltr'>lisiniarum.</span> 
     </span>
    </p>
   </div>
   <div class='ocr_carea' id='block_1_3' title="bbox 132 487 1203 693">
    <p class='ocr_par' dir='ltr' id='par_1_3' title="bbox 132 487 1203 693">
     <span class='ocr_line' id='line_1_3' title="bbox 210 487 1203 593; baseline 0 -27"><span class='ocrx_word' id='word_1_5' title='bbox 210 514 268 584; x_wconf 79' lang='lat'>24.</span> <span class='ocrx_word' id='word_1_6' title='bbox 292 493 387 591; x_wconf 85' lang='lat' dir='ltr'>Quae</span> <span class='ocrx_word' id='word_1_7' title='bbox 413 487 595 563; x_wconf 82' lang='lat' dir='ltr'>descensio</span> <span class='ocrx_word' id='word_1_8' title='bbox 621 487 821 564; x_wconf 76' lang='lat' dir='ltr'>sannorum</span> <span class='ocrx_word' id='word_1_9' title='bbox 845 505 987 585; x_wconf 85' lang='lat' dir='ltr'>patrum</span> <span class='ocrx_word' id='word_1_10' title='bbox 1021 495 1060 568; x_wconf 88' lang='lat' dir='ltr'>in</span> <span class='ocrx_word' id='word_1_11' title='bbox 1083 490 1203 593; x_wconf 81' lang='lat' dir='ltr'><strong><em>AEgy·‘</em></strong></span> 
     </span>
     <span class='ocr_line' id='line_1_4' title="bbox 132 587 1198 693; baseline -0.002 -22"><span class='ocrx_word' id='word_1_12' title='bbox 132 608 258 693; x_wconf 86' lang='lat' dir='ltr'>ptum,</span> <span class='ocrx_word' id='word_1_13' title='bbox 280 594 319 666; x_wconf 91' lang='lat' dir='ltr'>in</span> <span class='ocrx_word' id='word_1_14' title='bbox 344 591 443 663; x_wconf 92' lang='lat' dir='ltr'>hunc</span> <span class='ocrx_word' id='word_1_15' title='bbox 466 587 639 663; x_wconf 89' lang='lat' dir='ltr'>mundum</span> <span class='ocrx_word' id='word_1_16' title='bbox 658 588 772 662; x_wconf 81' lang='lat' dir='ltr'>uideri</span> <span class='ocrx_word' id='word_1_17' title='bbox 796 593 935 685; x_wconf 88' lang='lat' dir='ltr'>poterit</span> <span class='ocrx_word' id='word_1_18' title='bbox 957 593 1000 667; x_wconf 86' lang='lat' dir='ltr'>ad</span> <span class='ocrx_word' id='word_1_19' title='bbox 1020 596 1198 669; x_wconf 87' lang='lat' dir='ltr'>illumina·</span> 
     </span>
    </p>
   </div>
   <div class='ocr_carea' id='block_1_4' title="bbox 15 682 1201 988">
    <p class='ocr_par' dir='ltr' id='par_1_4' title="bbox 15 682 1201 988">
     <span class='ocr_line' id='line_1_5' title="bbox 23 682 1198 786; baseline -0.003 -16"><span class='ocrx_word' id='word_1_20' title='bbox 23 724 26 731; x_wconf 61' lang='grc'><em>’</em></span> <span class='ocrx_word' id='word_1_21' title='bbox 49 708 53 715; x_wconf 85' lang='grc'><strong>’</strong></span> <span class='ocrx_word' id='word_1_22' title='bbox 78 682 81 691; x_wconf 72' lang='grc'><strong>’</strong></span> <span class='ocrx_word' id='word_1_23' title='bbox 132 698 274 770; x_wconf 87' lang='lat' dir='ltr'>tionem</span> <span class='ocrx_word' id='word_1_24' title='bbox 288 703 524 782; x_wconf 81' lang='lat' dir='ltr'>caeterorum,</span> <span class='ocrx_word' id='word_1_25' title='bbox 551 700 658 779; x_wconf 87' lang='lat' dir='ltr'>atque</span> <span class='ocrx_word' id='word_1_26' title='bbox 674 688 819 765; x_wconf 85' lang='lat' dir='ltr'>humani</span> <span class='ocrx_word' id='word_1_27' title='bbox 837 695 978 786; x_wconf 85' lang='lat' dir='ltr'>generis</span> <span class='ocrx_word' id='word_1_28' title='bbox 995 691 1198 767; x_wconf 74' lang='lat' dir='ltr'>instruero·-</span> 
     </span>
     <span class='ocr_line' id='line_1_6' title="bbox 15 785 1198 887; baseline -0.003 -15"><span class='ocrx_word' id='word_1_29' title='bbox 15 808 17 817; x_wconf 81' lang='grc'>’</span> <span class='ocrx_word' id='word_1_30' title='bbox 132 816 219 871; x_wconf 86' lang='lat' dir='ltr'>nem</span> <span class='ocrx_word' id='word_1_31' title='bbox 242 789 513 887; x_wconf 84' lang='lat' dir='ltr'>aprovidentia</span> <span class='ocrx_word' id='word_1_32' title='bbox 540 785 613 859; x_wconf 92' lang='lat' dir='ltr'>Dei</span> <span class='ocrx_word' id='word_1_33' title='bbox 640 785 710 861; x_wconf 87' lang='lat' dir='ltr'>elle</span> <span class='ocrx_word' id='word_1_34' title='bbox 736 787 925 885; x_wconf 83' lang='lat' dir='ltr'>concella,</span> <span class='ocrx_word' id='word_1_35' title='bbox 975 803 1018 865; x_wconf 93' lang='lat' dir='ltr'>ut</span> <span class='ocrx_word' id='word_1_36' title='bbox 1038 814 1104 887; x_wconf 90' lang='lat' dir='ltr'>per</span> <span class='ocrx_word' id='word_1_37' title='bbox 1127 814 1198 869; x_wconf 84' lang='lat' dir='ltr'>eos</span> 
     </span>
     <span class='ocr_line' id='line_1_7' title="bbox 27 888 1201 988; baseline -0.008 -20"><span class='ocrx_word' id='word_1_38' title='bbox 27 906 40 925; x_wconf 64' lang='lat'><strong><em>³</em></strong></span> <span class='ocrx_word' id='word_1_39' title='bbox 134 909 272 970; x_wconf 85' lang='lat' dir='ltr'>caeterae</span> <span class='ocrx_word' id='word_1_40' title='bbox 289 890 414 963; x_wconf 79' lang='lat' dir='ltr'>anime</span> <span class='ocrx_word' id='word_1_41' title='bbox 431 888 636 981; x_wconf 74' lang='lat' dir='ltr'>illuminate</span> <span class='ocrx_word' id='word_1_42' title='bbox 652 889 876 978; x_wconf 82' lang='lat' dir='ltr'>J‘uvarentur.</span> <span class='ocrx_word' id='word_1_43' title='bbox 913 889 1000 984; x_wconf 86' lang='lat' dir='ltr'>Ipsrs</span> <span class='ocrx_word' id='word_1_44' title='bbox 1016 893 1201 988; x_wconf 82' lang='lat' dir='ltr'>enimpri.</span> 
     </span>
    </p>
   </div>
   <div class='ocr_carea' id='block_1_5' title="bbox 51 983 1234 2074">
    <p class='ocr_par' dir='ltr' id='par_1_5' title="bbox 51 983 1201 1780">
     <span class='ocr_line' id='line_1_8' title="bbox 132 983 1197 1080; baseline -0.002 -11"><span class='ocrx_word' id='word_1_45' title='bbox 132 996 201 1071; x_wconf 91' lang='lat' dir='ltr'>mis</span> <span class='ocrx_word' id='word_1_46' title='bbox 223 986 390 1065; x_wconf 79' lang='lat' dir='ltr'>cancella</span> <span class='ocrx_word' id='word_1_47' title='bbox 405 983 487 1060; x_wconf 91' lang='lat' dir='ltr'>sunt</span> <span class='ocrx_word' id='word_1_48' title='bbox 497 987 642 1077; x_wconf 88' lang='lat' dir='ltr'>eloquia</span> <span class='ocrx_word' id='word_1_49' title='bbox 660 985 757 1078; x_wconf 89' lang='lat' dir='ltr'>Dei,</span> <span class='ocrx_word' id='word_1_50' title='bbox 783 990 953 1080; x_wconf 85' lang='lat' dir='ltr'>quoniam</span> <span class='ocrx_word' id='word_1_51' title='bbox 972 989 1087 1066; x_wconf 90' lang='lat' dir='ltr'>solum</span> <span class='ocrx_word' id='word_1_52' title='bbox 1103 992 1197 1067; x_wconf 90' lang='lat' dir='ltr'>istud</span> 
     </span>
     <span class='ocr_line' id='line_1_9' title="bbox 51 1084 1198 1190; baseline 0 -24"><span class='ocrx_word' id='word_1_53' title='bbox 51 1146 53 1150; x_wconf 85' lang='lat'><em>-</em></span> <span class='ocrx_word' id='word_1_54' title='bbox 134 1091 188 1168; x_wconf 88' lang='lat' dir='ltr'>est</span> <span class='ocrx_word' id='word_1_55' title='bbox 200 1112 312 1190; x_wconf 86' lang='lat' dir='ltr'>genus</span> <span class='ocrx_word' id='word_1_56' title='bbox 323 1086 422 1180; x_wconf 89' lang='lat' dir='ltr'>quod</span> <span class='ocrx_word' id='word_1_57' title='bbox 437 1084 561 1159; x_wconf 87' lang='lat' dir='ltr'>videre</span> <span class='ocrx_word' id='word_1_58' title='bbox 576 1085 707 1158; x_wconf 86' lang='lat' dir='ltr'>dicitur</span> <span class='ocrx_word' id='word_1_59' title='bbox 720 1085 858 1161; x_wconf 89' lang='lat' dir='ltr'>Deum:</span> <span class='ocrx_word' id='word_1_60' title='bbox 884 1089 959 1161; x_wconf 90' lang='lat' dir='ltr'>hoc</span> <span class='ocrx_word' id='word_1_61' title='bbox 976 1093 1073 1164; x_wconf 88' lang='lat' dir='ltr'>enim</span> <span class='ocrx_word' id='word_1_62' title='bbox 1086 1088 1198 1166; x_wconf 82' lang='lat' dir='ltr'>Israe-</span> 
     </span>
     <span class='ocr_line' id='line_1_10' title="bbox 133 1181 1199 1282; baseline -0.002 -15"><span class='ocrx_word' id='word_1_63' title='bbox 133 1196 179 1268; x_wconf 85' lang='lat' dir='ltr'>lis</span> <span class='ocrx_word' id='word_1_64' title='bbox 199 1209 336 1265; x_wconf 89' lang='lat' dir='ltr'>nomen</span> <span class='ocrx_word' id='word_1_65' title='bbox 357 1181 530 1281; x_wconf 84' lang='lat' dir='ltr'>fignificat</span> <span class='ocrx_word' id='word_1_66' title='bbox 548 1187 835 1278; x_wconf 87' lang='lat' dir='ltr'>interpretatum.</span> <span class='ocrx_word' id='word_1_67' title='bbox 884 1187 963 1282; x_wconf 83' lang='lat' dir='ltr'>Jam</span> <span class='ocrx_word' id='word_1_68' title='bbox 989 1210 1082 1264; x_wconf 85' lang='lat' dir='ltr'>vero</span> <span class='ocrx_word' id='word_1_69' title='bbox 1108 1212 1199 1266; x_wconf 89' lang='lat' dir='ltr'>con·</span> 
     </span>
     <span class='ocr_line' id='line_1_11' title="bbox 133 1282 1201 1382; baseline -0.002 -16"><span class='ocrx_word' id='word_1_70' title='bbox 133 1292 286 1382; x_wconf 86' lang='lat' dir='ltr'>sequens</span> <span class='ocrx_word' id='word_1_71' title='bbox 310 1285 421 1359; x_wconf 88' lang='lat' dir='ltr'>estut</span> <span class='ocrx_word' id='word_1_72' title='bbox 442 1282 636 1377; x_wconf 91' lang='lat' dir='ltr'>secundum</span> <span class='ocrx_word' id='word_1_73' title='bbox 659 1285 736 1356; x_wconf 79' lang='lat' dir='ltr'>lraec</span> <span class='ocrx_word' id='word_1_74' title='bbox 756 1288 867 1378; x_wconf 81' lang='lat' dir='ltr'>aptari</span> <span class='ocrx_word' id='word_1_75' title='bbox 883 1287 1016 1363; x_wconf 85' lang='lat' dir='ltr'>debeat</span> <span class='ocrx_word' id='word_1_76' title='bbox 1033 1291 1067 1362; x_wconf 77' lang='lat' dir='ltr'>o</span> <span class='ocrx_word' id='word_1_77' title='bbox 1087 1293 1201 1364; x_wconf 86' lang='lat' dir='ltr'>inter·</span> 
     </span>
     <span class='ocr_line' id='line_1_12' title="bbox 133 1382 1200 1488; baseline 0.002 -25"><span class='ocrx_word' id='word_1_78' title='bbox 133 1389 267 1488; x_wconf 82' lang='lat' dir='ltr'>pretari</span> <span class='ocrx_word' id='word_1_79' title='bbox 284 1386 372 1460; x_wconf 90' lang='lat' dir='ltr'>illud</span> <span class='ocrx_word' id='word_1_80' title='bbox 388 1383 487 1476; x_wconf 84' lang='lat' dir='ltr'>quod</span> <span class='ocrx_word' id='word_1_81' title='bbox 509 1383 636 1456; x_wconf 91' lang='lat' dir='ltr'>decem</span> <span class='ocrx_word' id='word_1_82' title='bbox 654 1385 763 1478; x_wconf 85' lang='lat' dir='ltr'>plagis</span> <span class='ocrx_word' id='word_1_83' title='bbox 787 1382 967 1482; x_wconf 81' lang='lat' dir='ltr'>AEgyptus</span> <span class='ocrx_word' id='word_1_84' title='bbox 985 1391 1200 1465; x_wconf 85' lang='lat' dir='ltr'>verberatur</span> 
     </span>
     <span class='ocr_line' id='line_1_13' title="bbox 132 1483 1199 1580; baseline -0.001 -17"><span class='ocrx_word' id='word_1_85' title='bbox 132 1502 180 1564; x_wconf 88' lang='lat' dir='ltr'>ut</span> <span class='ocrx_word' id='word_1_86' title='bbox 191 1489 263 1561; x_wconf 85' lang='lat' dir='ltr'>Dei</span> <span class='ocrx_word' id='word_1_87' title='bbox 273 1487 450 1580; x_wconf 91' lang='lat' dir='ltr'>populum</span> <span class='ocrx_word' id='word_1_88' title='bbox 461 1484 646 1578; x_wconf 85' lang='lat' dir='ltr'>permittat</span> <span class='ocrx_word' id='word_1_89' title='bbox 656 1483 772 1572; x_wconf 71' lang='lat' dir='ltr'>exire,</span> <span class='ocrx_word' id='word_1_90' title='bbox 798 1487 860 1557; x_wconf 89' lang='lat' dir='ltr'>vel</span> <span class='ocrx_word' id='word_1_91' title='bbox 874 1507 917 1558; x_wconf 86' lang='lat' dir='ltr'>ea</span> <span class='ocrx_word' id='word_1_92' title='bbox 934 1507 1012 1578; x_wconf 79' lang='lat' dir='ltr'>qua:</span> <span class='ocrx_word' id='word_1_93' title='bbox 1027 1490 1065 1562; x_wconf 88' lang='lat' dir='ltr'>in</span> <span class='ocrx_word' id='word_1_94' title='bbox 1080 1489 1199 1565; x_wconf 84' lang='lat' dir='ltr'>deser-</span> 
     </span>
     <span class='ocr_line' id='line_1_14' title="bbox 132 1585 1200 1680; baseline 0.004 -18"><span class='ocrx_word' id='word_1_95' title='bbox 132 1605 177 1680; x_wconf 85' lang='lat' dir='ltr'>to</span> <span class='ocrx_word' id='word_1_96' title='bbox 203 1608 285 1661; x_wconf 89' lang='lat' dir='ltr'>cum</span> <span class='ocrx_word' id='word_1_97' title='bbox 310 1586 452 1680; x_wconf 92' lang='lat' dir='ltr'>populo</span> <span class='ocrx_word' id='word_1_98' title='bbox 478 1595 671 1678; x_wconf 87' lang='lat' dir='ltr'>geruntur,</span> <span class='ocrx_word' id='word_1_99' title='bbox 703 1586 765 1657; x_wconf 89' lang='lat' dir='ltr'>vel</span> <span class='ocrx_word' id='word_1_100' title='bbox 797 1585 897 1675; x_wconf 90' lang='lat' dir='ltr'>quod</span> <span class='ocrx_word' id='word_1_101' title='bbox 922 1607 967 1660; x_wconf 87' lang='lat' dir='ltr'>ex</span> <span class='ocrx_word' id='word_1_102' title='bbox 993 1590 1200 1666; x_wconf 81' lang='lat' dir='ltr'>collatione</span> 
     </span>
     <span class='ocr_line' id='line_1_15' title="bbox 69 1681 1199 1780; baseline 0.001 -18"><span class='ocrx_word' id='word_1_103' title='bbox 69 1747 73 1761; x_wconf 72' lang='grc'>,</span> <span class='ocrx_word' id='word_1_104' title='bbox 134 1690 255 1762; x_wconf 87' lang='lat' dir='ltr'>omnis</span> <span class='ocrx_word' id='word_1_105' title='bbox 283 1685 410 1780; x_wconf 92' lang='lat' dir='ltr'>populi</span> <span class='ocrx_word' id='word_1_106' title='bbox 440 1685 711 1757; x_wconf 84' lang='lat' dir='ltr'>tabernaculum</span> <span class='ocrx_word' id='word_1_107' title='bbox 737 1681 978 1780; x_wconf 91' lang='lat' dir='ltr'>construitur,</span> <span class='ocrx_word' id='word_1_108' title='bbox 1006 1690 1068 1761; x_wconf 90' lang='lat' dir='ltr'>vel</span> <span class='ocrx_word' id='word_1_109' title='bbox 1094 1689 1199 1763; x_wconf 90' lang='lat' dir='ltr'>indu·</span> 
     </span>
    </p>

    <p class='ocr_par' dir='ltr' id='par_1_6' title="bbox 106 1783 1234 2074">
     <span class='ocr_line' id='line_1_16' title="bbox 106 1783 1199 1875; baseline -0.001 -11"><span class='ocrx_word' id='word_1_110' title='bbox 106 1824 108 1833; x_wconf 39' lang='lat' dir='ltr'>v</span> <span class='ocrx_word' id='word_1_111' title='bbox 133 1801 297 1870; x_wconf 87' lang='lat' dir='ltr'>mentum</span> <span class='ocrx_word' id='word_1_112' title='bbox 316 1783 536 1856; x_wconf 88' lang='lat' dir='ltr'>sacerdotale</span> <span class='ocrx_word' id='word_1_113' title='bbox 561 1783 792 1875; x_wconf 85' lang='lat' dir='ltr'>contexitur,</span> <span class='ocrx_word' id='word_1_114' title='bbox 824 1785 955 1859; x_wconf 83' lang='lat' dir='ltr'>uelde</span> <span class='ocrx_word' id='word_1_115' title='bbox 983 1786 1072 1861; x_wconf 80' lang='lat' dir='ltr'>Vafis</span> <span class='ocrx_word' id='word_1_116' title='bbox 1095 1790 1199 1863; x_wconf 91' lang='lat' dir='ltr'>mini·</span> 
     </span>
     <span class='ocr_line' id='line_1_17' title="bbox 133 1882 1197 1982; baseline 0.002 -19"><span class='ocrx_word' id='word_1_117' title='bbox 133 1886 229 1963; x_wconf 86' lang='lat' dir='ltr'>sterii</span> <span class='ocrx_word' id='word_1_118' title='bbox 246 1903 479 1978; x_wconf 76' lang='lat' dir='ltr'>quacumque</span> <span class='ocrx_word' id='word_1_119' title='bbox 493 1882 674 1972; x_wconf 89' lang='lat' dir='ltr'>dicuntur,</span> <span class='ocrx_word' id='word_1_120' title='bbox 700 1884 783 1973; x_wconf 89' lang='lat' dir='ltr'>quia</span> <span class='ocrx_word' id='word_1_121' title='bbox 795 1903 897 1978; x_wconf 83' lang='lat' dir='ltr'>vere,</span> <span class='ocrx_word' id='word_1_122' title='bbox 923 1885 1013 1958; x_wconf 86' lang='lat' dir='ltr'>ficut</span> <span class='ocrx_word' id='word_1_123' title='bbox 1026 1886 1197 1982; x_wconf 88' lang='lat' dir='ltr'>scriptum</span> 
     </span>
     <span class='ocr_line' id='line_1_18' title="bbox 134 1980 1234 2074; baseline -0.002 -13"><span class='ocrx_word' id='word_1_124' title='bbox 134 1987 213 2072; x_wconf 86' lang='lat' dir='ltr'>est,</span> <span class='ocrx_word' id='word_1_125' title='bbox 238 1989 400 2059; x_wconf 87' lang='lat' dir='ltr'>umbram</span> <span class='ocrx_word' id='word_1_126' title='bbox 414 1985 453 2055; x_wconf 92' lang='lat' dir='ltr'>in</span> <span class='ocrx_word' id='word_1_127' title='bbox 472 1983 507 2057; x_wconf 88' lang='lat' dir='ltr'>le</span> <span class='ocrx_word' id='word_1_128' title='bbox 522 1980 748 2074; x_wconf 81' lang='lat' dir='ltr'>formamque</span> <span class='ocrx_word' id='word_1_129' title='bbox 773 1981 964 2059; x_wconf 78' lang='lat' dir='ltr'>celestium</span> <span class='ocrx_word' id='word_1_130' title='bbox 988 1990 1195 2065; x_wconf 88' lang='lat' dir='ltr'>continent.</span> <span class='ocrx_word' id='word_1_131' title='bbox 1226 2038 1234 2059; x_wconf 86' lang='lat'>-.</span> 
     </span>
    </p>
   </div>
   <div class='ocr_carea' id='block_1_6' title="bbox 13 2079 1199 2175">
    <p class='ocr_par' dir='ltr' id='par_1_7' title="bbox 13 2079 1199 2175">
     <span class='ocr_line' id='line_1_19' title="bbox 13 2079 1199 2175; baseline -0.002 -15"><span class='ocrx_word' id='word_1_132' title='bbox 13 2140 16 2145; x_wconf 50' lang='lat'>&lt;</span> <span class='ocrx_word' id='word_1_133' title='bbox 133 2082 329 2173; x_wconf 81' lang='lat' dir='ltr'>Manifeste</span> <span class='ocrx_word' id='word_1_134' title='bbox 350 2085 446 2154; x_wconf 88' lang='lat' dir='ltr'>enim</span> <span class='ocrx_word' id='word_1_135' title='bbox 463 2079 592 2153; x_wconf 87' lang='lat' dir='ltr'>Paulus</span> <span class='ocrx_word' id='word_1_136' title='bbox 614 2082 664 2153; x_wconf 86' lang='lat' dir='ltr'>ait</span> <span class='ocrx_word' id='word_1_137' title='bbox 681 2082 728 2155; x_wconf 86' lang='lat' dir='ltr'>de</span> <span class='ocrx_word' id='word_1_138' title='bbox 746 2082 837 2175; x_wconf 88' lang='lat' dir='ltr'>illis,</span> <span class='ocrx_word' id='word_1_139' title='bbox 864 2085 946 2174; x_wconf 86' lang='lat' dir='ltr'>quia</span> <span class='ocrx_word' id='word_1_140' title='bbox 963 2088 1077 2158; x_wconf 76' lang='lat' dir='ltr'>umbra</span> <span class='ocrx_word' id='word_1_141' title='bbox 1091 2084 1130 2163; x_wconf 78' lang='lat' dir='ltr'>o</span> <span class='ocrx_word' id='word_1_142' title='bbox 1143 2113 1199 2159; x_wconf 83' lang='lat' dir='ltr'>ex·</span> 
     </span>
    </p>
   </div>
   <div class='ocr_carea' id='block_1_7' title="bbox 133 2179 1201 2573">
    <p class='ocr_par' dir='ltr' id='par_1_8' title="bbox 133 2179 1201 2573">
     <span class='ocr_line' id='line_1_20' title="bbox 135 2179 1200 2285; baseline 0.006 -27"><span class='ocrx_word' id='word_1_143' title='bbox 135 2190 267 2285; x_wconf 81' lang='lat' dir='ltr'>emplari</span> <span class='ocrx_word' id='word_1_144' title='bbox 285 2184 470 2270; x_wconf 84' lang='lat' dir='ltr'>deserviunt</span> <span class='ocrx_word' id='word_1_145' title='bbox 485 2182 654 2277; x_wconf 55' lang='lat' dir='ltr'>caelestium.</span> <span class='ocrx_word' id='word_1_146' title='bbox 704 2180 745 2253; x_wconf 90' lang='lat' dir='ltr'>In</span> <span class='ocrx_word' id='word_1_147' title='bbox 764 2180 832 2253; x_wconf 84' lang='lat' dir='ltr'>hac</span> <span class='ocrx_word' id='word_1_148' title='bbox 849 2182 975 2259; x_wconf 81' lang='lat' dir='ltr'>eadem</span> <span class='ocrx_word' id='word_1_149' title='bbox 992 2187 1071 2281; x_wconf 84' lang='lat' dir='ltr'>lege</span> <span class='ocrx_word' id='word_1_150' title='bbox 1090 2179 1200 2264; x_wconf 75' lang='lat' dir='ltr'>etiam</span> 
     </span>
     <span class='ocr_line' id='line_1_21' title="bbox 134 2281 1198 2378; baseline -0.002 -16"><span class='ocrx_word' id='word_1_151' title='bbox 134 2285 370 2363; x_wconf 79' lang='lat' dir='ltr'>nihilominus</span> <span class='ocrx_word' id='word_1_152' title='bbox 396 2282 629 2372; x_wconf 86' lang='lat' dir='ltr'>continetur,</span> <span class='ocrx_word' id='word_1_153' title='bbox 656 2281 782 2372; x_wconf 93' lang='lat' dir='ltr'>quibus</span> <span class='ocrx_word' id='word_1_154' title='bbox 805 2281 968 2376; x_wconf 85' lang='lat' dir='ltr'>legibus,</span> <span class='ocrx_word' id='word_1_155' title='bbox 995 2287 1198 2378; x_wconf 87' lang='lat' dir='ltr'>quibusque</span> 
     </span>
     <span class='ocr_line' id='line_1_22' title="bbox 133 2378 1201 2462; baseline -0.002 0"><span class='ocrx_word' id='word_1_156' title='bbox 133 2383 420 2462; x_wconf 86' lang='lat' dir='ltr'>institutionibus</span> <span class='ocrx_word' id='word_1_157' title='bbox 438 2381 476 2452; x_wconf 91' lang='lat' dir='ltr'>in</span> <span class='ocrx_word' id='word_1_158' title='bbox 501 2392 595 2452; x_wconf 88' lang='lat' dir='ltr'>terra</span> <span class='ocrx_word' id='word_1_159' title='bbox 616 2378 732 2452; x_wconf 71' lang='lat' dir='ltr'>sanda</span> <span class='ocrx_word' id='word_1_160' title='bbox 753 2378 952 2452; x_wconf 89' lang='lat' dir='ltr'>vivendum</span> <span class='ocrx_word' id='word_1_161' title='bbox 974 2382 1026 2458; x_wconf 85' lang='lat' dir='ltr'>srt.</span> <span class='ocrx_word' id='word_1_162' title='bbox 1076 2385 1201 2460; x_wconf 85' lang='lat' dir='ltr'>Sed&amp;</span> 
     </span>
     <span class='ocr_line' id='line_1_23' title="bbox 135 2477 1201 2573; baseline -0.001 -13"><span class='ocrx_word' id='word_1_163' title='bbox 135 2481 440 2560; x_wconf 86' lang='lat' dir='ltr'>comminationes</span> <span class='ocrx_word' id='word_1_164' title='bbox 457 2479 580 2573; x_wconf 78' lang='lat' dir='ltr'>posita</span> <span class='ocrx_word' id='word_1_165' title='bbox 593 2478 676 2551; x_wconf 92' lang='lat' dir='ltr'>sunt</span> <span class='ocrx_word' id='word_1_166' title='bbox 687 2477 741 2550; x_wconf 94' lang='lat' dir='ltr'>his</span> <span class='ocrx_word' id='word_1_167' title='bbox 754 2478 814 2568; x_wconf 93' lang='lat' dir='ltr'>qui</span> <span class='ocrx_word' id='word_1_168' title='bbox 827 2484 1049 2568; x_wconf 64' lang='lat' dir='ltr'>praevaricati</span> <span class='ocrx_word' id='word_1_169' title='bbox 1062 2483 1201 2559; x_wconf 87' lang='lat' dir='ltr'>fuerint</span> 
     </span>
    </p>
   </div>
   <div class='ocr_carea' id='block_1_8' title="bbox 21 2572 1200 2682">
    <p class='ocr_par' dir='ltr' id='par_1_9' title="bbox 21 2572 1200 2682">
     <span class='ocr_line' id='line_1_24' title="bbox 21 2572 1200 2682; baseline 0.008 -35"><span class='ocrx_word' id='word_1_170' title='bbox 21 2636 24 2647; x_wconf 87' lang='lat'><em>.</em></span> <span class='ocrx_word' id='word_1_171' title='bbox 134 2588 272 2682; x_wconf 81' lang='lat' dir='ltr'>legem:</span> <span class='ocrx_word' id='word_1_172' title='bbox 300 2599 462 2653; x_wconf 91' lang='lat' dir='ltr'>nec-non</span> <span class='ocrx_word' id='word_1_173' title='bbox 483 2576 586 2650; x_wconf 87' lang='lat' dir='ltr'>&amp;his</span> <span class='ocrx_word' id='word_1_174' title='bbox 608 2578 668 2669; x_wconf 92' lang='lat' dir='ltr'>qui</span> <span class='ocrx_word' id='word_1_175' title='bbox 687 2572 941 2671; x_wconf 83' lang='lat' dir='ltr'>purificatione</span> <span class='ocrx_word' id='word_1_176' title='bbox 963 2581 1200 2680; x_wconf 84' lang='lat' dir='ltr'>indigebant,</span> 
     </span>
    </p>
   </div>
   <div class='ocr_carea' id='block_1_9' title="bbox 29 2668 1206 3876">
    <p class='ocr_par' dir='ltr' id='par_1_10' title="bbox 29 2668 1206 3876">
     <span class='ocr_line' id='line_1_25' title="bbox 135 2668 1200 2774; baseline -0.001 -15"><span class='ocrx_word' id='word_1_177' title='bbox 135 2680 275 2761; x_wconf 86' lang='lat' dir='ltr'>diversa</span> <span class='ocrx_word' id='word_1_178' title='bbox 290 2668 584 2774; x_wconf 82' lang='lat' dir='ltr'>purificationum</span> <span class='ocrx_word' id='word_1_179' title='bbox 600 2696 751 2771; x_wconf 87' lang='lat' dir='ltr'>genera,</span> <span class='ocrx_word' id='word_1_180' title='bbox 776 2676 880 2748; x_wconf 91' lang='lat' dir='ltr'>velut</span> <span class='ocrx_word' id='word_1_181' title='bbox 896 2680 955 2768; x_wconf 89' lang='lat' dir='ltr'>qui</span> <span class='ocrx_word' id='word_1_182' title='bbox 970 2678 1200 2769; x_wconf 79' lang='lat' dir='ltr'>frequentius</span> 
     </span>
     <span class='ocr_line' id='line_1_26' title="bbox 44 2774 1201 2875; baseline -0.001 -17"><span class='ocrx_word' id='word_1_183' title='bbox 44 2869 48 2873; x_wconf 43' lang='grc'><strong>,</strong></span> <span class='ocrx_word' id='word_1_184' title='bbox 135 2783 251 2862; x_wconf 84' lang='lat' dir='ltr'>elsent</span> <span class='ocrx_word' id='word_1_185' title='bbox 269 2774 474 2875; x_wconf 90' lang='lat' dir='ltr'>polluendi.</span> <span class='ocrx_word' id='word_1_186' title='bbox 502 2774 717 2867; x_wconf 80' lang='lat' dir='ltr'>traduntur,</span> <span class='ocrx_word' id='word_1_187' title='bbox 742 2786 785 2847; x_wconf 90' lang='lat' dir='ltr'>ut</span> <span class='ocrx_word' id='word_1_188' title='bbox 803 2796 868 2870; x_wconf 91' lang='lat' dir='ltr'>per</span> <span class='ocrx_word' id='word_1_189' title='bbox 889 2777 966 2849; x_wconf 89' lang='lat' dir='ltr'>haec</span> <span class='ocrx_word' id='word_1_190' title='bbox 989 2781 1134 2854; x_wconf 87' lang='lat' dir='ltr'>tandem</span> <span class='ocrx_word' id='word_1_191' title='bbox 1156 2784 1201 2858; x_wconf 83' lang='lat' dir='ltr'>ad</span> 
     </span>
     <span class='ocr_line' id='line_1_27' title="bbox 29 2864 1198 2972; baseline -0.006 -10"><span class='ocrx_word' id='word_1_192' title='bbox 29 2900 32 2905; x_wconf 86' lang='lat'>&#39;</span> <span class='ocrx_word' id='word_1_193' title='bbox 134 2888 232 2962; x_wconf 87' lang='lat' dir='ltr'>illam</span> <span class='ocrx_word' id='word_1_194' title='bbox 254 2898 364 2952; x_wconf 87' lang='lat' dir='ltr'>unam</span> <span class='ocrx_word' id='word_1_195' title='bbox 386 2871 677 2969; x_wconf 90' lang='lat' dir='ltr'>purificationem</span> <span class='ocrx_word' id='word_1_196' title='bbox 698 2876 848 2966; x_wconf 83' lang='lat' dir='ltr'>veniat,</span> <span class='ocrx_word' id='word_1_197' title='bbox 873 2874 1061 2970; x_wconf 80' lang='lat' dir='ltr'>postquam</span> <span class='ocrx_word' id='word_1_198' title='bbox 1082 2864 1165 2972; x_wconf 81' lang='lat' dir='ltr'>poll</span> <span class='ocrx_word' id='word_1_199' title='bbox 1190 2885 1198 2900; x_wconf 92' lang='grc'><em>“</em></span> 
     </span>
     <span class='ocr_line' id='line_1_28' title="bbox 134 2973 1201 3073; baseline -0.002 -16"><span class='ocrx_word' id='word_1_200' title='bbox 134 2989 230 3065; x_wconf 89' lang='lat' dir='ltr'>ultra</span> <span class='ocrx_word' id='word_1_201' title='bbox 242 3000 321 3053; x_wconf 92' lang='lat' dir='ltr'>non</span> <span class='ocrx_word' id='word_1_202' title='bbox 336 2978 434 3050; x_wconf 88' lang='lat' dir='ltr'>licet.</span> <span class='ocrx_word' id='word_1_203' title='bbox 485 2973 556 3048; x_wconf 89' lang='lat' dir='ltr'>Sed</span> <span class='ocrx_word' id='word_1_204' title='bbox 575 2973 665 3047; x_wconf 81' lang='lat' dir='ltr'>&amp;ad</span> <span class='ocrx_word' id='word_1_205' title='bbox 678 2994 866 3049; x_wconf 88' lang='lat' dir='ltr'>numerum</span> <span class='ocrx_word' id='word_1_206' title='bbox 880 2980 1038 3072; x_wconf 88' lang='lat' dir='ltr'>populus</span> <span class='ocrx_word' id='word_1_207' title='bbox 1054 2976 1128 3073; x_wconf 88' lang='lat' dir='ltr'>ipse</span> <span class='ocrx_word' id='word_1_208' title='bbox 1140 2983 1201 3055; x_wconf 90' lang='lat' dir='ltr'>de·</span> 
     </span>
     <span class='ocr_line' id='line_1_29' title="bbox 137 3075 1200 3172; baseline -0.003 -15"><span class='ocrx_word' id='word_1_209' title='bbox 137 3083 301 3172; x_wconf 87' lang='lat' dir='ltr'>ducitur,</span> <span class='ocrx_word' id='word_1_210' title='bbox 333 3078 421 3149; x_wconf 90' lang='lat' dir='ltr'>licet</span> <span class='ocrx_word' id='word_1_211' title='bbox 442 3093 690 3165; x_wconf 72' lang='lat' dir='ltr'>nonomnes3</span> <span class='ocrx_word' id='word_1_212' title='bbox 715 3075 871 3167; x_wconf 86' lang='lat' dir='ltr'>pueriles</span> <span class='ocrx_word' id='word_1_213' title='bbox 892 3096 1047 3170; x_wconf 86' lang='lat' dir='ltr'>namque</span> <span class='ocrx_word' id='word_1_214' title='bbox 1072 3083 1200 3156; x_wconf 83' lang='lat' dir='ltr'>animae</span> 
     </span>
     <span class='ocr_line' id='line_1_30' title="bbox 135 3174 1202 3268; baseline -0.003 -11"><span class='ocrx_word' id='word_1_215' title='bbox 135 3181 302 3262; x_wconf 87' lang='lat' dir='ltr'>nondum</span> <span class='ocrx_word' id='word_1_216' title='bbox 318 3190 461 3267; x_wconf 91' lang='lat' dir='ltr'>tempus</span> <span class='ocrx_word' id='word_1_217' title='bbox 476 3174 613 3246; x_wconf 84' lang='lat' dir='ltr'>habent</span> <span class='ocrx_word' id='word_1_218' title='bbox 627 3194 672 3247; x_wconf 82' lang='lat' dir='ltr'>ex</span> <span class='ocrx_word' id='word_1_219' title='bbox 691 3174 818 3247; x_wconf 87' lang='lat' dir='ltr'>divino</span> <span class='ocrx_word' id='word_1_220' title='bbox 832 3189 1018 3268; x_wconf 84' lang='lat' dir='ltr'>praecepto</span> <span class='ocrx_word' id='word_1_221' title='bbox 1034 3199 1202 3256; x_wconf 82' lang='lat' dir='ltr'>numera·</span> 
     </span>
     <span class='ocr_line' id='line_1_31' title="bbox 135 3273 1201 3369; baseline -0.001 -12"><span class='ocrx_word' id='word_1_222' title='bbox 135 3286 187 3357; x_wconf 86' lang='lat' dir='ltr'>ri:</span> <span class='ocrx_word' id='word_1_223' title='bbox 212 3277 336 3352; x_wconf 87' lang='lat' dir='ltr'>sedne</span> <span class='ocrx_word' id='word_1_224' title='bbox 354 3276 423 3347; x_wconf 80' lang='lat' dir='ltr'>illae</span> <span class='ocrx_word' id='word_1_225' title='bbox 445 3273 588 3364; x_wconf 91' lang='lat' dir='ltr'>quidem</span> <span class='ocrx_word' id='word_1_226' title='bbox 607 3274 731 3346; x_wconf 82' lang='lat' dir='ltr'>animae</span> <span class='ocrx_word' id='word_1_227' title='bbox 753 3295 830 3365; x_wconf 85' lang='lat' dir='ltr'>quae</span> <span class='ocrx_word' id='word_1_228' title='bbox 851 3294 929 3347; x_wconf 90' lang='lat' dir='ltr'>non</span> <span class='ocrx_word' id='word_1_229' title='bbox 952 3275 1098 3369; x_wconf 82' lang='lat' dir='ltr'>poffunt</span> <span class='ocrx_word' id='word_1_230' title='bbox 1119 3277 1201 3356; x_wconf 85' lang='lat' dir='ltr'>lieri</span> 
     </span>
     <span class='ocr_line' id='line_1_32' title="bbox 136 3369 1203 3472; baseline 0.002 -21"><span class='ocrx_word' id='word_1_231' title='bbox 136 3381 283 3456; x_wconf 84' lang='lat' dir='ltr'>alterius</span> <span class='ocrx_word' id='word_1_232' title='bbox 296 3386 420 3468; x_wconf 85' lang='lat' dir='ltr'>caput,</span> <span class='ocrx_word' id='word_1_233' title='bbox 445 3371 505 3446; x_wconf 91' lang='lat' dir='ltr'>sed</span> <span class='ocrx_word' id='word_1_234' title='bbox 519 3370 600 3466; x_wconf 85' lang='lat' dir='ltr'>ipsae</span> <span class='ocrx_word' id='word_1_235' title='bbox 615 3369 852 3447; x_wconf 79' lang='lat' dir='ltr'>subditaesunt</span> <span class='ocrx_word' id='word_1_236' title='bbox 864 3374 939 3447; x_wconf 90' lang='lat' dir='ltr'>aliis</span> <span class='ocrx_word' id='word_1_237' title='bbox 956 3379 1059 3449; x_wconf 88' lang='lat' dir='ltr'>velut</span> <span class='ocrx_word' id='word_1_238' title='bbox 1073 3382 1203 3472; x_wconf 80' lang='lat' dir='ltr'>capitit</span> 
     </span>
     <span class='ocr_line' id='line_1_33' title="bbox 136 3473 1204 3573; baseline 0 -20"><span class='ocrx_word' id='word_1_239' title='bbox 136 3500 225 3573; x_wconf 82' lang='lat' dir='ltr'>quas</span> <span class='ocrx_word' id='word_1_240' title='bbox 241 3477 407 3551; x_wconf 87' lang='lat' dir='ltr'>mulieres</span> <span class='ocrx_word' id='word_1_241' title='bbox 423 3473 649 3565; x_wconf 90' lang='lat' dir='ltr'>nominavit,</span> <span class='ocrx_word' id='word_1_242' title='bbox 677 3494 756 3564; x_wconf 87' lang='lat' dir='ltr'>quae</span> <span class='ocrx_word' id='word_1_243' title='bbox 775 3473 901 3562; x_wconf 85' lang='lat' dir='ltr'>utique</span> <span class='ocrx_word' id='word_1_244' title='bbox 914 3495 1000 3566; x_wconf 63' lang='lat' dir='ltr'>,non</span> <span class='ocrx_word' id='word_1_245' title='bbox 1020 3477 1204 3573; x_wconf 57' lang='lat' dir='ltr'>adducunq</span> 
     </span>
     <span class='ocr_line' id='line_1_34' title="bbox 134 3572 1206 3671; baseline 0.003 -21"><span class='ocrx_word' id='word_1_246' title='bbox 134 3592 197 3671; x_wconf 86' lang='lat' dir='ltr'>tur</span> <span class='ocrx_word' id='word_1_247' title='bbox 213 3579 251 3650; x_wconf 90' lang='lat' dir='ltr'>in</span> <span class='ocrx_word' id='word_1_248' title='bbox 267 3592 456 3647; x_wconf 89' lang='lat' dir='ltr'>numerum</span> <span class='ocrx_word' id='word_1_249' title='bbox 473 3573 574 3646; x_wconf 90' lang='lat' dir='ltr'>illurn</span> <span class='ocrx_word' id='word_1_250' title='bbox 588 3573 648 3662; x_wconf 92' lang='lat' dir='ltr'>qui</span> <span class='ocrx_word' id='word_1_251' title='bbox 666 3593 686 3645; x_wconf 90' lang='lat' dir='ltr'>a</span> <span class='ocrx_word' id='word_1_252' title='bbox 702 3572 789 3645; x_wconf 87' lang='lat' dir='ltr'>Deo</span> <span class='ocrx_word' id='word_1_253' title='bbox 816 3574 1046 3668; x_wconf 76' lang='lat' dir='ltr'>precipitur,</span> <span class='ocrx_word' id='word_1_254' title='bbox 1069 3572 1129 3649; x_wconf 80' lang='lat' dir='ltr'>se&#39;d</span> <span class='ocrx_word' id='word_1_255' title='bbox 1147 3574 1206 3655; x_wconf 85' lang='lat' dir='ltr'>illi-</span> 
     </span>
     <span class='ocr_line' id='line_1_35' title="bbox 41 3671 1205 3765; baseline 0.005 -18"><span class='ocrx_word' id='word_1_256' title='bbox 41 3728 44 3747; x_wconf 74' lang='grc'>,</span> <span class='ocrx_word' id='word_1_257' title='bbox 77 3719 84 3724; x_wconf 96' lang='grc'>-</span> <span class='ocrx_word' id='word_1_258' title='bbox 134 3677 203 3755; x_wconf 83' lang='lat' dir='ltr'>soli</span> <span class='ocrx_word' id='word_1_259' title='bbox 227 3685 460 3748; x_wconf 90' lang='lat' dir='ltr'>numerantur</span> <span class='ocrx_word' id='word_1_260' title='bbox 493 3671 554 3765; x_wconf 90' lang='lat' dir='ltr'>qui</span> <span class='ocrx_word' id='word_1_261' title='bbox 574 3672 648 3744; x_wconf 77' lang='lat' dir='ltr'>&#39;viri</span> <span class='ocrx_word' id='word_1_262' title='bbox 674 3671 919 3764; x_wconf 76' lang='lat' dir='ltr'>appellantur,</span> <span class='ocrx_word' id='word_1_263' title='bbox 958 3693 1031 3764; x_wconf 93' lang='lat' dir='ltr'>quo</span> <span class='ocrx_word' id='word_1_264' title='bbox 1064 3673 1205 3753; x_wconf 87' lang='lat' dir='ltr'>scilicet</span> 
     </span>
     <span class='ocr_line' id='line_1_36' title="bbox 137 3768 1200 3876; baseline -0.002 -24"><span class='ocrx_word' id='word_1_265' title='bbox 137 3774 388 3855; x_wconf 80' lang='lat' dir='ltr'>ostenderetur</span> <span class='ocrx_word' id='word_1_266' title='bbox 413 3791 492 3848; x_wconf 89' lang='lat' dir='ltr'>non</span> <span class='ocrx_word' id='word_1_267' title='bbox 528 3790 588 3847; x_wconf 87' lang='lat' dir='ltr'>eas</span> <span class='ocrx_word' id='word_1_268' title='bbox 613 3768 715 3869; x_wconf 82' lang='lat' dir='ltr'>polle</span> <span class='ocrx_word' id='word_1_269' title='bbox 746 3769 969 3849; x_wconf 82' lang='lat' dir='ltr'>extrinsecus</span> <span class='ocrx_word' id='word_1_270' title='bbox 993 3779 1200 3876; x_wconf 85' lang='lat' dir='ltr'>numerari,</span> 
     </span>
    </p>
   </div>
   <div class='ocr_carea' id='block_1_10' title="bbox 994 3869 1149 3961">
    <p class='ocr_par' dir='ltr' id='par_1_11' title="bbox 994 3869 1149 3961">
     <span class='ocr_line' id='line_1_37' title="bbox 994 3869 1149 3961; baseline 0.019 -13"><span class='ocrx_word' id='word_1_271' title='bbox 994 3954 998 3961; x_wconf 69' lang='grc'><strong>,</strong></span> <span class='ocrx_word' id='word_1_272' title='bbox 1087 3869 1149 3950; x_wconf 84' lang='lat' dir='ltr'>scd</span> 
     </span>
    </p>
   </div>
   <div class='ocr_carea' id='block_1_11' title="bbox 0 0 1260 4254">
    <p class='ocr_par' dir='ltr' id='par_1_12' title="bbox 0 0 1260 4254">
     <span class='ocr_line' id='line_1_38' title="bbox 0 0 1260 4254; baseline 0 0"><span class='ocrx_word' id='word_1_273' title='bbox 0 0 1260 4254; x_wconf 95' lang='lat' dir='ltr'> </span> 
     </span>
    </p>
   </div>
  </div>
 </body>
</html>
