2498 4254
231 103 311 206 nu
358 122 691 230 PRINCIPIIS,
741 127 844 211 tra.
870 128 937 211 tv.
1045 146 1125 234 sss·
1197 110 1200 115 ’

58 292 215 387 quentia
228 313 346 367 rerum
360 292 533 390 gestarum
545 294 691 367 historia
706 295 905 367 convenire
920 290 996 368 'non
1010 310 1119 389 pote·

56 408 137 486 rat,
163 394 341 465 interdum
357 394 560 467 interseruit
575 394 759 487 quaedam,
785 396 846 466 vel
863 394 980 469 minus
996 394 1116 491 gesta,

57 493 123 564 vel
147 513 224 582 quae
243 491 396 563 omnino
418 496 493 588 geri
513 514 589 565 non
608 492 776 586 possent,
808 482 985 566 intertium
1006 496 1125 573 etiam·

58 612 137 683 quae
161 589 303 683 possent
321 592 462 682 quidem
480 593 582 689 geri,
610 614 679 664 nec
698 605 817 665 tamen
839 590 934 688 gesta
954 591 1053 667 sunt:
1078 593 1118 667 ir

57 710 327 780 nonnumquam
354 692 473 782 paucis
495 691 714 767 sermonibus
738 691 799 782 qui
819 688 1011 767 secundum
1031 712 1117 765 cor·

56 791 220 884 potalem
232 790 501 884 intelligentiam
514 810 591 863 non
605 791 774 863 videntur
786 790 925 863 servare
936 789 1037 886 polle
1049 812 1132 865 νο·-

58 882 224 978 ritatem,
244 889 421 960 interdum
431 890 549 963 multis
558 889 695 962 insertis
706 890 779 963 hoc
788 888 899 982 facit,
918 891 1017 981 quod
1026 908 1116 986 prae·

60 989 164 1078 cipue
179 988 456 1081 inlegislatione
480 987 697 1080 frequentari
716 989 921 1063 inveniturt
946 991 1008 1061 ubi
1024 991 1117 1063 mul-

59 1099 99 1157 ta
112 1086 254 1175 quidem
265 1087 343 1157 sunt
353 1109 429 1176 quae
440 1089 476 1160 in
486 1088 566 1181 ipsis
580 1090 827 1182 corporalibus
841 1089 1028 1183 praeceptis
1044 1089 1134 1160 uti.

59 1186 107 1256 lia
126 1183 194 1257 elie
216 1184 435 1259 manifestum
458 1187 529 1279 est,
555 1190 731 1279 aliquanta
748 1203 867 1260 tamen
888 1187 1020 1281 suntin
1038 1186 1118 1278 qlli-

60 1286 128 1355 bus
147 1284 244 1356 nulla
263 1282 406 1378 prorsus
429 1289 522 1357 ratio
541 1287 730 1379 utilitatis,
760 1284 981 1379 ostenditur:
1006 1287 1117 1359 inter-

61 1382 145 1455 dum
160 1402 252 1455 vero
269 1383 304 1454 δι
322 1383 541 1475 impossibilia
558 1386 810 1460 decernuntur.
861 1388 953 1483 Quae
968 1386 1131 1478 omnia,¹

59 1498 104 1552 ut
124 1482 295 1573 diximus,
321 1483 456 1554 idcirco
476 1487 687 1576 procuravit
711 1485 862 1577 Spiritus
886 1482 1046 1576 sanstus,
1070 1494 1117 1556 ut

61 1604 106 1654 ex
123 1581 176 1651 bis
192 1581 328 1655 dumea
341 1603 417 1671 quae
434 1583 472 1655 in
483 1583 595 1675 prima
607 1584 730 1657 fronte
746 1584 845 1677 sunt,
869 1605 957 1656 vera
973 1586 1033 1655 vel
1047 1583 1119 1655 uti·

58 1682 105 1752 lia
120 1678 189 1751 else
207 1700 282 1751 non
299 1680 468 1772 potsunt,
495 1683 539 1753 ad
553 1683 815 1775 inquisitionem
828 1683 991 1754 veritatis
1008 1682 1116 1755 altitu

58 1781 220 1871 repetitae
233 1798 469 1871 revocemur,
496 1782 687 1877 &dignum
704 1782 788 1854 Deo
808 1780 941 1854 sensum
959 1781 997 1852 in
1012 1779 1118 1873 scrip,-

61 1880 151 1950 turis
166 1898 260 1968 .quas
285 1900 305 1949 a
326 1878 412 1950 Deo
433 1876 616 1971 inspiratas
637 1881 833 1973 credimus,
859 1881 1135 1971 perquiramus.-

139 1982 194 2051 16.
220 1977 310 2050 Non
324 1975 438 2050 solum
453 1992 571 2053 autem
583 1979 629 2051 de
647 1980 700 2051 his
715 2001 793 2070 quae
802 2000 915 2069 usque
926 1979 971 2050 ad
982 1978 1119 2051 adven·

60 2088 137 2149 tum
153 2074 281 2148 Christi
299 2074 427 2168 scripta
444 2073 524 2149 sunt
537 2079 612 2150 haec
629 2078 779 2173 Spiritus
797 2076 931 2150 santius
946 2096 1119 2170 procura·
1206 2106 1208 2111 ·

58 2175 137 2268 vit,
164 2171 223 2247 sed
243 2188 374 2266 utpote
398 2196 489 2249 unus
516 2177 739 2271 atqueidem
764 2174 905 2270 spiritus
929 2175 1022 2248 &ab
1039 2194 1119 2248 uno

57 2274 144 2349 Deo
160 2275 379 2367 procedens,
406 2276 528 2351 eadem
542 2272 697 2350 similiter
711 2278 817 2349 etiam
831 2278 868 2347 iu
882 2272 1120 2369 Evangelistis

60 2375 97 2447 tr
111 2372 297 2467 Apostolis
318 2374 416 2449 fecit
469 2374 564 2449 Nam
580 2397 627 2449 ne
643 2374 878 2467 illas-quidem
893 2374 1135 2447 narrationes·

62 2492 148 2564 quas
160 2492 303 2564 percos
316 2473 514 2565 inspiravit,
541 2476 675 2567 absque
689 2472 934 2567 hujuscemodi
952 2468 1121 2564 quamsu·

58 2592 126 2666 pra
146 2570 373 2663 exposuimus
395 2570 572 2666 sapientire
595 2573 664 2656 snae
684 2588 762 2646 arte
781 2571 982 2645 contexuit.
1008 2569 1137 2641 Unde.

59 2673 169 2743 otiam
187 2674 224 2742 in
237 2672 315 2763 ipsis
330 2691 406 2744 non
431 2694 545 2764 parva
565 2672 790 2766 permiscuit,
817 2672 943 2762 quibus
958 2668 1132 2741 historia--

59 2772 104 2843 lis
122 2772 288 2848 narrandi
304 2771 398 2843 ordo
415 2771 676 2867 interpolatus,
702 2775 765 2844 vel
781 2767 963 2845 intercisus
977 2786 1042 2940 pnes
1057 2769 1134 2839 im·-

925 2889 978 2960 po
1017 2867 1070 2939 bi»
1132 2924 1136 2929 .

280 3030 707 3127 Iunnnrnrrnn1o
746 3050 940 3104 novi..

59 3172 165 3244 unius
191 3170 420 3264 ejusdemque
443 3172 514 3245 Dei
535 3171 699 3264 spiritus,
736 3170 831 3243 idem
854 3170 891 3240 in
912 3162 1121 3259 Evangeliis

60 3268 374 3363 &Apostolorum
394 3269 531 3364 scriptis
549 3270 656 3343 fecit:
680 3290 761 3342 curn
780 3289 848 3342 nec
862 3264 1122 3339 easecundurn

59 3373 290 3463 corporalem
305 3369 439 3444 sensum
457 3372 608 3444 omnino
622 3368 753 3441 nudam
770 3368 925 3440 habeant
939 3362 1122 3436 historiam

59 3489 189 3542 eorum
201 3491 278 3561 quac
289 3483 462 3542 contexta
474 3469 577 3560 sunt,
602 3472 734 3562 utpote
745 3488 822 3558 quac
838 3486 913 3537 non
926 3461 1131 3550 fastasrnt3.

59 3588 178 3657 neque
198 3570 295 3664 leges
311 3570 346 3641 δι
359 3582 538 3665 praecepta
552 3569 706 3643 habeant
718 3566 848 3639 rationi
869 3561 1136 3637 consentanea..

60 3666 155 3766 Quis
168 3666 274 3762 igitur
288 3668 376 3741 sanae
390 3670 520 3741 mentis
531 3668 786 3742 existimaverit
795 3659 1123 3758 primam&secun·

58 3768 144 3843 dam
158 3766 194 3837 bc
208 3770 349 3843 tertiam
372 3769 484 3865 diem,
510 3766 742 3865 &vesperam
765 3764 919 3847 &mane
934 3762 1007 3836 line
1022 3757 1136 3852 sole,·:

115 3870 269 3965 origenis
296 3866 383 3943 Tou.
411 3873 476 3945 111.
687 3866 719 3945 Z
962 3861 1084 3946 lunas
