2498 4254
61 135 64 142 ’
140 158 152 227 ;
254 110 996 236 orrurucrr11s‚r.ra.rv.'
1084 162 1157 241 ψ
1243 196 1246 203 .

88 298 227 377 sandius
246 300 449 398 Apostolus
467 269 605 379 vvolens
628 308 678 380 ait
699 306 737 375 in
766 303 923 395 quodam
944 305 1056 378 loco:
1091 300 1156 380 Vs·

87 405 159 474 dere
184 407 279 492 lsrael
302 408 466 488 secundum
486 420 621 483 carnem.
671 402 740 477 Per
759 402 859 494 quod
882 400 1060 502 significat
1082 406 1163 481 utl-·

89 523 161 596 que
185 503 287 597 quod
315 505 404 578 alius
422 497 528 578 Israel
548 503 673 598 fitqui
691 521 770 577 non
795 500 839 576 tlt
857 499 1053 578 secundum
1077 524 1156 581 car·¹

991 623 1102 701 nem,
1150 624 1157 639 ··

312 758 741 841 Iurrnrnarnrro
776 742 934 843 uovass
1009 857 1014 864 .

86 928 189 1003 mque
208 927 314 975 omnes
332 911 444 1004 quiex
463 905 563 995 lsrael
573 906 683 996 sunt,
710 909 738 976 ii
749 907 835 997 sunt
856 907 1007 998 Israelita
1015 930 1033 976 .··
1051 929 1158 1005 neque

88 1011 144 1105 qui
161 1013 198 1075 in
219 1005 407 1103 manifesto,
438 1007 575 1104 Judaeur
593 1007 653 1106 ιβ,
679 1031 779 1104 neque
797 1034 863 1107 quae
881 1015 918 1079 in
936 1006 1100 1106 manifesse
1115 1012 1155 1080 iu

88 1130 185 1178 carne
205 1105 454 1203 eslcircumcifio:
475 1106 529 1196 sed
549 1111 656 1205 quiin
680 1108 852 1198 abscmrdito
874 1110 1008 1205 Judaeur
1023 1108 1087 1196 eft.-
1111 1105 1156 1185 θ

87 1207 381 1302 circumciflocortiis
396 1211 434 1274 in
449 1208 581 1303 spiritu,
607 1231 674 1279 non
690 1210 788 1279 litera
848 1207 884 1280 Si
900 1208 994 1283 enim
1010 1205 1154 1301 Judaeus
1239 1282 1243 1286 ,

87 1328 134 1380 ex
144 1308 295 1379 occulto
309 1305 542 1399 dijudicatur,
569 1307 801 1403 cogitandum
812 1307 879 1384 est.
906 1307 995 1381 licut
1011 1307 1155 1400 Judaeo·

86 1428 167 1479 rum
185 1426 402 1498 corporeum
413 1404 463 1478 est
476 1427 587 1502 genus
601 1408 651 1479 ita
659 1406 863 1501 Judaeorum
878 1409 937 1499 qui
949 1408 986 1478 in
1001 1408 1154 1478 occulto
1220 1486 1222 1491 7

85 1505 168 1579 sunt
183 1507 334 1597 aliquam
349 1502 418 1578 effe
435 1519 599 1601 gentem,
626 1506 741 1580 anima
756 1506 927 1580 videlicet
940 1507 1033 1579 hanc
1048 1506 1158 1578 nobi-¹

85 1607 225 1681 litatem
239 1605 374 1678 arcanis
388 1604 596 1697 quibusdam
609 1605 810 1679 rationibus
827 1607 1028 1680 obtinente.
1047 1604 1157 1677 Prae*
1210 1656 1213 1663 ,

88 1719 190 1779 terea
202 1707 323 1777 multae
340 1705 384 1777 de
403 1702 506 1776 lsrael
522 1704 556 1776 u
571 1703 662 1800 Juda
680 1705 879 1799 prophetiae
893 1704 1156 1799 vaticinantur,

90 1805 125 1879 ἃ
140 1804 308 1897 quaeipsis
326 1817 502 1876 euentura
517 1804 586 1876 smt
600 1817 802 1896 exponunt.
855 1803 1041 1896 Numquid
1058 1824 1158 1878 vero·

87 1916 152 1976 tot
169 1904 236 1976 illis
255 1901 392 1996 scriptae
409 1904 654 1997 promissiones
678 1925 755 1995 quae
769 1902 893 1976 verbis
908 1903 996 1976 nihil
1010 1902 1127 1998 magni
1137 1934 1159 1999 ,-

87 2003 178 2077 nihil
203 2004 328 2075 excelsi
351 2000 503 2093 sonant,
535 2024 605 2076 nec
628 2002 739 2075 divini
761 2002 917 2094 promissi
937 1999 1156 2093 majestatem

86 2100 363 2198 praeseferunt,
388 2100 571 2194 mysticam
587 2100 871 2175 &sublimiorem
881 2103 1156 2197 intelligentiam

86 2223 165 2278 non
181 2200 390 2294 requirant?
408 2202 556 2296 Quodsi
573 2201 746 2297 spiritales
754 2200 1000 2294 promissiones
1016 2221 1080 2294 per
1094 2216 1155 2273 res

86 2300 240 2376 sensibus
256 2297 425 2392 subjebtas
442 2303 698 2394 enuntiantur,
724 2322 794 2374 nec
812 2303 836 2373 ii
857 2300 985 2393 quibus
1007 2298 1156 2393 promis

85 2400 123 2476 sa
148 2398 266 2494 fiunt,
293 2402 463 2493 corporei
488 2400 578 2476 sunt.
629 2399 680 2472 Et
703 2421 749 2472 ne
771 2397 903 2474 diutius
922 2402 1156 2473 immoremur

85 2502 172 2577 huic
190 2502 234 2574 de
254 2503 426 2572 occculto
443 2499 568 2596 Judaeo
590 2498 624 2572 u
644 2501 812 2573 interiori
832 2497 1156 2672 homineffiraelita

88 2600 264 2693 sermoni,
292 2618 373 2672 cum
396 2600 472 2672 haec
492 2599 657 2673 omnibus
675 2621 753 2672 non
773 2601 878 2693 plane
900 2598 978 2692 stup
1029 2619 1045 2670 s
1066 2595 1179 2671 suffi·‘

89 2703 208 2793 ciant,
235 2700 277 2772 ad
303 2697 502 2772 institutum
528 2699 766 2790 revertimur,
807 2698 1010 2772 &dicimus
1037 2697 1155 2791 Jacob

87 2814 227 2895 patrem
238 2798 307 2873 elie
322 2799 512 2872 duodecim
523 2797 821 2890 Patriarcbarum,
844 2797 913 2870 hos
924 2798 1048 2891 populi
1060 2798 1159 2889 prin·

89 2902 231 2993 cipum,
257 2898 416 2991 aquibus
433 2897 561 2973 deinde
571 2918 698 2971 omnes
710 2895 891 2971 ls1·aelitae.'
923 2897 1022 2997 Quid
1035 2892 1156 2990 ergo?

90 3000 150 3094 qui
163 2997 353 3071 secundum
365 3018 506 3072 carnem
516 2995 597 3070 sunt
607 2994 769 3069 lsraelitae
782 2995 824 3068 ad
833 2997 1011 3090 principes
1027 2993 1157 3092 populi

88 3121 201 3197 genus
215 3098 392 3191 referunt,
402 3099 437 3170 hi
452 3096 735 3187 adPatriarchas,
754 3095 967 3169 Patriarchae
980 3095 1023 3167 ad
1037 3094 1155 3191 Jacob

90 3196 355 3293 &superiorem
379 3197 549 3294 spiritales
561 3211 679 3269 autem
692 3195 856 3269 Israelita
874 3214 1027 3286 quorum
1041 3191 1171 3289 figura

89 3312 195 3374 erant
213 3297 405 3391 corporei,
431 3318 509 3370 non
529 3294 609 3370 sunt
633 3294 678 3368 de
694 3296 860 3390 populis:
888 3315 968 3366 eum
987 3293 1156 3386 populi'e

90 3399 276 3491 tribubus,
302 3398 416 3470 tribus
434 3397 477 3469 ab
492 3417 567 3472 uno
583 3395 751 3489 quopiam
765 3393 1005 3487 provenerint
1021 3395 1080 3485 qui
1098 3413 1158 3466 or·

90 3509 169 3572 tum
190 3519 268 3571 non
288 3499 515 3590 corporalem
540 3495 598 3569 sed
623 3493 904 3589 prestantiorem
920 3492 1055 3585 habet,
1081 3494 1158 3585 qui-

92 3617 164 3689 que
182 3618 226 3670 ex
242 3594 336 3669 Isaac
352 3596 558 3692 descendit,
582 3593 673 3670 sicut
689 3594 781 3668 lsaac
797 3594 844 3666 ab
870 3590 1074 3681 Abraham,
1101 3613 1157 3666 re·

91 3697 236 3769 vocatis
256 3698 422 3770 omnibus
444 3696 489 3771 ad
514 3695 632 3770 Adam
659 3715 765 3785 quem
791 3691 992 3786 Apostolus
1016 3693 1065 3764 ait
1085 3690 1157 3766 else

92 3794 297 3873 Christum?
331 3796 460 3876 Omnis
492 3798 587 3874 enim
619 3796 726 3892 origo
756 3790 968 3873 familiarum
989 3812 1079 3882 quae
1111 3789 1157 3865 ad

575 3892 693 3972 Aac
865 3928 871 3947 ι
944 3891 1121 3968 omnium
