2498 4254
95 163 165 239 ψ
324 214 329 227 ,
417 96 829 233 ontenut's

119 308 358 394 rorumpant‚
387 301 550 374 evenire.
599 290 660 373 De
678 291 732 373 his
756 312 849 373 vero
868 317 982 393 quaea
1006 296 1154 381 diversae

93 328 272 497 spiritibus
294 400 440 493 mimae,
478 394 516 473 id
541 390 592 471 est
609 396 770 475 humanae
793 400 1006 498 cogitationi
1033 402 1155 502 sugge-

93 516 244 594 runtur,
277 521 354 591 quae
374 501 436 573 vel
459 499 504 573 ad
523 499 647 593 bona,
673 502 735 573 vel
752 498 797 572 ad
821 502 1000 575 contraria
1012 523 1156 597 provo·

96 617 202 693 cent,
238 600 415 675 interdum
442 601 546 673 etiam
561 598 598 671 in
616 599 690 671 hoc
712 598 860 673 existere
878 600 1034 691 quaedam
1055 618 1158 678 ante-

25 752 28 759 ·
93 703 209 775 riores
232 718 418 795 corporeae
440 699 638 772 nativitatis
652 697 763 773 causae
777 699 941 791 putanda
956 698 1047 774 sunt.
1096 703 1154 777 ln·

92 800 236 883 tendum
255 819 345 872 vero
363 799 512 895 vigilans
526 797 650 890 mens,
678 796 888 889 &abjiciens
904 796 970 871 ase
987 821 1063 891 quae
1080 824 1156 877 ma·

92 900 129 975 la
147 898 255 990 sunt,
280 897 462 971 bonorum
485 894 585 970 adse
608 898 821 990 adjutorium
841 913 1052 990 provocat:
1086 903 1152 975 vei

93 998 302 1073 econtrario
313 1001 494 1095 negligens
505 997 541 1070 &
553 998 706 1091 ignava,
732 998 815 1070 dum
832 1000 946 1070 minus
964 1012 1066 1070 cauta
1084 998 1151 1094 est,

91 1100 216 1172 locum
231 1096 292 1169 dat
307 1097 361 1171 his
376 1096 553 1190 spiritibus
571 1098 630 1188 qui
646 1100 749 1169 velut
758 1096 917 1169 latrones
937 1119 982 1168 ex
999 1100 1152 1172 occulto

91 1198 321 1291 insidiantes,
352 1198 488 1270 irruere
505 1196 674 1269 humanas
688 1211 825 1268 mentes
843 1216 923 1267 cum
943 1198 1065 1269 locum
1084 1198 1149 1271 fibi

93 1297 215 1377 datum
232 1316 296 1389 per
316 1294 496 1392 segnitiem
516 1295 699 1391 viderint,
731 1296 956 1388 moliuntur,
988 1295 1078 1369 sicut
1098 1298 1152 1371 ait

91 1392 220 1483 Petrus
243 1392 424 1489 apostolus
450 1394 531 1488 quia
552 1396 753 1484 adversarius
780 1398 880 1491 noster
905 1394 1043 1465 diabolus
1068 1413 1149 1467 ton·

89 1521 183 1595 quam
197 1498 242 1565 leo
254 1520 381 1589 rugum
395 1502 533 1583 circuit,
559 1519 700 1592 quereus
714 1519 804 1592 quem
819 1496 946 1566 devoret
989 1493 1148 1587 Propter

117 1594 193 1668 uod
208 1593 265 1669 die
276 1594 457 1687 nouaque
475 1613 541 1667 cor
554 1592 714 1667 nostrum
728 1594 826 1667 omni
836 1592 993 1666 custodia
1004 1591 1147 1669 servan·

91 1616 177 1771 gum
190 1692 263 1787 est,
290 1694 436 1768 &locus
451 1716 527 1768 non
543 1693 593 1767 est
608 1693 741 1766 dandus
758 1694 926 1785 diabolo,
951 1691 1011 1765 sed
1024 1694 1146 1767 omnia

91 1794 228 1893 agenda
241 1792 321 1868 sunt
341 1796 467 1887 quibus
480 1793 627 1869 ministri
643 1791 714 1867 Dei
730 1846 741 1886 ,
766 1794 804 1866 hi
819 1792 989 1885 videlicet
1003 1790 1145 1888 spiritus

91 1895 153 1987 qui
166 1895 210 1967 ad
225 1894 453 1969 ministerium
473 1891 656 1969 missisunt
676 1914 801 1966 eorum
822 1891 881 1985 qui
893 1892 1143 1969 haereditatem

90 1994 210 2067 salutis
230 1995 357 2067 vocati
368 1992 468 2089 sunt,
493 1994 680 2071 inveniant
692 1993 730 2064 in
745 1990 850 2065 nobis
866 1993 1011 2084 locum,
1038 1991 1073 2063 δι
1085 1992 1145 2065 de·

89 2090 267 2175 iestentur
280 2093 417 2188 ingredi
429 2090 620 2183 hospitium
631 2092 752 2163 animae
763 2090 912 2184 nosttae,
939 2090 1147 2165 &habitan-

88 2206 146 2276 tea
161 2190 253 2285 apud
269 2211 337 2262 nos
356 2191 508 2263 consiliis
518 2210 590 2263 nos
609 2203 755 2283 regant:
780 2190 941 2277 sitamen
962 2191 1146 2263 habitacu-

87 2290 162 2363 lum
182 2288 301 2360 cordis
317 2289 428 2362 nostri
450 2289 596 2359 virtutis
620 2288 654 2360 ἃ
673 2286 859 2361 Γειηᾶῑῑαῑὶε
878 2291 978 2361 cuitu
994 2293 1143 2363 invene·

86 2389 161 2459 rint
183 2399 406 2461 exornatum.
464 2386 604 2460 Verum
625 2384 796 2461 sufficiant
822 2388 885 2461 ista
902 2410 978 2483 pro
1002 2392 1142 2465 vitibus

85 2483 215 2559 nostris
235 2484 375 2559 disserta
391 2510 411 2559 a
428 2487 533 2560 nobis
549 2488 594 2561 de
610 2487 664 2561 his
683 2488 877 2561 virtutibus
889 2511 966 2581 quae
982 2489 1142 2571 humano

86 2585 209 2683 generi
227 2584 465 2661 adversantur.
1025 2612 1047 2670 ,·

331 2818 334 2823 ·
417 2784 686 2863 CAPUT
733 2788 808 2865 IV.

351 2942 404 3017 De
440 2938 590 3010 humanis
626 2939 869 3012 tentationibus.

89 3108 121 3164 1.
209 3108 281 3161 unc
300 3109 346 3161 ne
368 3087 412 3161 de
429 3088 588 3162 humanis
606 3088 746 3183 quidem
762 3088 1024 3164 tentationibus
1039 3090 1138 3165 stien-

260 3188 474 3282 dumputo,
502 3211 578 3281 quae
594 3189 783 3263 nascuntur
802 3188 980 3262 interdum
1000 3212 1046 3261 ex
1063 3212 1136 3263 car.

83 3303 131 3359 ne
150 3284 186 3358 &
201 3285 388 3385 sanguine,
416 3292 541 3363 velex
561 3290 750 3381 prudentia
767 3291 880 3361 camis
904 3287 939 3360 &
963 3286 1136 3385 sanguinis

84 3404 163 3474 quae
181 3384 267 3459 Deo
291 3386 419 3475 dicitur
440 3387 509 3461 eise
530 3389 682 3463 inimica.
739 3388 789 3462 Et
807 3404 927 3461 utrum
946 3407 1075 3463 verum
1094 3390 1137 3464 sat

84 3482 184 3573 quod
200 3485 339 3576 quidam
357 3487 480 3559 dicunt
495 3489 587 3580 quast
599 3489 699 3560 binas
715 3490 845 3561 animas
858 3486 927 3561 eise
939 3508 1005 3579 per
1025 3489 1150 3587 fingu·=

81 3581 161 3673 los,
197 3582 424 3677 posteaquam
449 3586 494 3660 de
516 3588 569 3659 his
596 3588 856 3665 tentationibus
883 3585 1134 3684 exposuimus,

82 3700 160 3771 quae
176 3683 255 3776 plus
272 3704 376 3774 quam
389 3678 549 3759 humanae
568 3686 757 3781 dicuntur,
783 3689 819 3761 id
837 3686 887 3760 est
905 3707 990 3777 quas
1008 3689 1134 3763 adver·

75 3776 152 3865 sum
171 3780 421 3879 principatus,
449 3784 718 3884 &potestates,
744 3788 779 3862 δι
802 3784 988 3863 adversum
1010 3790 1132 3865 mundi

976 3890 1083 3983 hujus
