2498 4254
171 167 186 199 s
269 144 347 224 nr
395 142 727 242 rainerius,
777 114 969 233 rrajrv..
1073 164 1184 246 arr

88 304 351 405 possibilitatem
369 307 419 382 sui
432 306 633 383 reflecteret
650 324 757 402 atque
768 322 964 396 revocarer
975 308 1149 385 intentio·

90 430 174 482 nem
188 410 338 504 legentis
359 410 402 481 ad
420 409 662 505 intelligentiae
677 410 858 482 interioris
880 431 1040 486 examen.
1076 410 1149 487 Sed

88 522 134 580 ut
145 510 251 580 rebus
264 509 344 602 ipsis
356 510 453 600 quod
465 510 609 582 dicimus
627 504 858 605 agnoscatur,
878 506 950 602 ipsa
956 511 1028 603 jam
1041 507 1149 605 scrip·

60 621 180 700 t-turae
203 609 284 680 loca
309 604 495 703 pulsemus.
546 608 696 681 Cuinam
715 607 831 699 quaeso
848 607 980 684 sensum
1001 611 1150 687 habenti

82 707 355 799 consequenter
375 708 556 780 uidebitur
577 704 706 780 dicium
720 760 747 800 „
761 709 859 800 quod
887 707 961 782 dies
986 710 1149 801 prima&

88 805 243 880 secunda
259 809 292 879 u
308 809 438 898 tertia,
465 807 642 899 inquibus
666 806 700 879 br
725 806 872 900 vespera
890 807 1149 883 nominatur&
1243 826 1248 835 ·

88 928 216 1000 mane,
242 904 376 979 fuerint
395 907 466 979 ime
484 906 584 1001 sole,
611 906 645 978 ἃ
665 905 737 979 sine
751 906 861 1000 luna,
888 904 1148 982 &finestelliat

89 1007 203 1099 prima
222 1026 338 1078 aurem
357 1006 429 1079 dies
444 1005 515 1079 fine
531 1004 645 1082 caelo?
672 1006 762 1104 Quis
782 1025 875 1079 vero
890 1005 940 1079 ita
951 1004 1082 1079 idiotes
1095 1009 1151 1081 in·-

89 1108 280 1198 venietur,
308 1118 350 1177 ut
365 1117 470 1197 putet
491 1109 591 1177 velut
611 1104 792 1180 hominem
815 1105 1001 1199 quemdam
1013 1108 1150 1201 agrico-

88 1203 158 1279 lam
173 1206 290 1277 Deum
302 1204 472 1298 plantalle
485 1205 631 1277 arbores
641 1204 679 1276 in
689 1204 871 1300 paradiso,
896 1208 933 1279 in
943 1203 1046 1279 Eden
1062 1226 1150 1278 con·

87 1316 145 1375 tra
166 1306 360 1391 orientem,
389 1305 421 1375 bt
438 1306 603 1378 arborem
617 1304 702 1375 vitae
717 1303 885 1397 plantasse
900 1307 938 1377 in
953 1324 1025 1398 eo,
1052 1302 1150 1378 idest

87 1401 224 1497 lignum
247 1403 384 1475 visibile
400 1403 432 1474 ἃ
451 1402 649 1496 palpabile,
675 1402 782 1476 itaut
801 1405 1049 1497 corporalibus
1065 1403 1153 1478 den·

88 1501 185 1573 'tibus
199 1502 411 1574 manducans
430 1504 506 1592 quis
526 1523 570 1575 ex
588 1524 629 1574 ea
642 1504 795 1596 arbore,
820 1504 934 1577 vitam
949 1504 1150 1597 percipiat,
1237 1577 1241 1585 ,

91 1600 126 1673 br
160 1600 275 1673 rursus
302 1620 347 1673 ex
373 1603 438 1673 alia
461 1598 677 1674 manducans
705 1606 858 1695 arbore,
894 1604 983 1676 boni
1010 1601 1152 1676 &mali

89 1696 271 1774 scientiam
290 1698 430 1792 capiat?
458 1699 526 1773 Sed
546 1700 580 1772 &
603 1698 690 1772 illud
710 1698 808 1791 quod
832 1701 931 1775 Deus
948 1700 1029 1794 post
1037 1701 1151 1774 meri·

81 1800 186 1877 aliem
205 1800 430 1872 deambulare
445 1798 575 1871 dicitur
589 1798 627 1872 in
644 1797 825 1895 paradiso,
852 1799 1017 1873 &Adam
1037 1800 1152 1873 latere

85 1901 155 1974 -sub
175 1900 322 1971 arbore:
351 1896 514 1989 equidem
533 1898 669 1971 nullum
691 1900 847 1971 arbitror
866 1897 1029 1971 dubitare
1052 1897 1153 1990 quod

90 1995 229 2095 figurali
247 2014 358 2089 tropo
377 1998 453 2069 lraec
475 2020 494 2069 a
515 1993 687 2090 scriptura
701 1999 956 2092 proferantur,
990 2017 1063 2090 quo
1081 2013 1153 2091 per

88 2099 169 2173 haec
195 2095 350 2189 quadam
370 2094 516 2188 mystica
535 2095 748 2171 indicentur.
801 2096 889 2170 Cain
910 2116 1001 2170 vero
1025 2096 1152 2173 exient

90 2195 221 2271 aiacie
245 2195 337 2283 Dei,
362 2194 545 2280 manifeste
564 2197 778 2288 prudentem
802 2195 973 2271 letiorem
995 2207 1151 2289 movet,

89 2309 134 2370 ut
146 2295 306 2387 requirat
320 2316 396 2386 quae
411 2293 520 2367 facies
535 2294 605 2367 Dei
616 2294 679 2387 sit,
705 2294 739 2366 br
756 2294 943 2387 quomodo
958 2297 1036 2387 quis
1053 2295 1153 2369 exire

85 2394 197 2492 ‚pollit
213 2393 256 2467 ab
276 2416 327 2469 ea.
380 2394 517 2467 Verum
538 2412 584 2467 ne
605 2412 674 2465 nos
697 2412 789 2485 opus
809 2394 909 2486 quod
925 2393 1096 2469 habemus
1113 2394 1153 2467 in

90 2496 280 2585 manibus,
304 2490 398 2585 justo
419 2493 565 2586 amplius
586 2492 797 2585 dilatemus,
823 2492 992 2586 perfacile
1012 2491 1063 2566 est
1078 2514 1153 2567 om·

89 2594 130 2668 ni
149 2594 291 2665 volenti
308 2611 526 2688 congregare
546 2593 591 2664 de
611 2590 788 2689 scripturis
806 2590 927 2665 senilis
952 2613 1029 2685 quae
1047 2588 1155 2684 scrip·

92 2706 131 2766 ta
151 2691 231 2763 sunt
247 2688 568 2783 quidcmtanquam
586 2688 695 2782 faria,
721 2709 797 2763 non
820 2688 939 2764 tamen
961 2692 1154 2765 secundum

88 2789 275 2866 historiam
295 2803 544 2884 competenter
568 2789 881 2863 &rationabiliter
896 2786 974 2863 fieri
997 2786 1154 2885 potuine

90 2890 270 2967 credenda
281 2886 371 2964 sunt.
422 2890 511 2963 Haec
528 2908 620 2962 vero
641 2886 822 2983 scripturae
839 2886 971 2984 species
983 2887 1154 3060 {namin

119 3005 122 3009 ’
1019 3006 1105 3061 van·

310 3140 738 3222 Iurrnrnnrarro
779 3165 930 3251 nova.

42 3284 68 3380 'a
89 3306 190 3365 mera
214 3286 413 3381 ejusmodi,
440 3284 569 3380 scripta
594 3286 736 3380 quidem
757 3299 926 3379 tanquam
947 3280 1043 3381 gesta
1059 3280 1153 3380 fine,

42 3400 170 3462 'ernon
188 3386 284 3485 gesta
309 3406 401 3461 vero
426 3400 469 3459 ut
493 3388 596 3463 litera
620 3386 745 3480 sonat,
774 3385 911 3479 quivis,
939 3384 1051 3459 modo
1076 3398 1155 3459 nou

88 3485 334 3583 planestipes‚
359 3484 666 3585 colligerepoisrtl
693 3481 1154 3583 Sed&Evangeliaeadem
1233 3548 1238 3561 .

88 3586 295 3661 sermonum
313 3581 428 3679 specie
447 3588 551 3680 plena
571 3584 675 3679 sunt,
701 3604 781 3661 cum
800 3585 837 3658 in
860 3579 1037 3659 excelsum
1051 3600 1155 3657 mon·

90 3698 170 3759 tem
185 3682 321 3761 assumit
338 3683 455 3780 Jesum
474 3686 635 3761 diabolus
656 3698 699 3759 ut
717 3683 800 3759 inde
813 3681 878 3780 ipsi·
900 3684 1013 3756 totius
1031 3675 1169 3761 mundi,

68 3774 261 3883 pegma&
280 3806 408 3863 eortun
425 3787 581 3885 gloriam.
596 3778 771 3963 ogrepdat
822 3783 914 3883 Quis
935 3772 1156 3974 cartag&
1200 3907 1203 3913 ι
