<?xml version="1.0" encoding="UTF-8"?>
<!DOCTYPE html PUBLIC "-//W3C//DTD XHTML 1.0 Transitional//EN"
    "http://www.w3.org/TR/xhtml1/DTD/xhtml1-transitional.dtd">
<html xmlns="http://www.w3.org/1999/xhtml" xml:lang="en" lang="en">
 <head>
  <title>
</title>
<meta http-equiv="Content-Type" content="text/html;charset=utf-8" />
  <meta name='ocr-system' content='tesseract 3.04.00' />
  <meta name='ocr-capabilities' content='ocr_page ocr_carea ocr_par ocr_line ocrx_word'/>
</head>
<body>
  <div class='ocr_page' id='page_1' title='image "./operaomniasanct08unkngoog_0051.png"; bbox 0 0 2498 4254; ppageno 0'>
   <div class='ocr_carea' id='block_1_1' title="bbox 290 177 1234 295">
    <p class='ocr_par' dir='ltr' id='par_1_1' title="bbox 290 177 1234 295">
     <span class='ocr_line' id='line_1_1' title="bbox 290 177 1234 295; baseline -0.006 -30"><span class='ocrx_word' id='word_1_1' title='bbox 290 186 369 266; x_wconf 82' lang='lat' dir='ltr'><strong>DE</strong></span> <span class='ocrx_word' id='word_1_2' title='bbox 417 177 753 279; x_wconf 82' lang='lat' dir='ltr'><strong>PRINCIPIIS,</strong></span> <span class='ocrx_word' id='word_1_3' title='bbox 801 178 907 261; x_wconf 74' lang='grc' dir='ltr'><strong>ΗΒ.</strong></span> <span class='ocrx_word' id='word_1_4' title='bbox 929 178 959 256; x_wconf 85' lang='grc' dir='ltr'><strong>Ι.</strong></span> <span class='ocrx_word' id='word_1_5' title='bbox 1108 198 1156 277; x_wconf 74' lang='lat' dir='ltr'><strong>ep</strong></span> <span class='ocrx_word' id='word_1_6' title='bbox 1220 212 1234 295; x_wconf 29' lang='grc' dir='ltr'><strong>Ι·</strong></span> 
     </span>
    </p>
   </div>
   <div class='ocr_carea' id='block_1_2' title="bbox 83 338 1162 925">
    <p class='ocr_par' dir='ltr' id='par_1_2' title="bbox 83 338 1159 646">
     <span class='ocr_line' id='line_1_2' title="bbox 83 338 1157 435; baseline -0.013 -6"><span class='ocrx_word' id='word_1_7' title='bbox 83 347 320 429; x_wconf 63' lang='lat' dir='ltr'><strong>intellectuali</strong></span> <span class='ocrx_word' id='word_1_8' title='bbox 355 351 492 424; x_wconf 84' lang='lat' dir='ltr'><strong>virtute</strong></span> <span class='ocrx_word' id='word_1_9' title='bbox 522 346 698 424; x_wconf 88' lang='lat' dir='ltr'><strong>nominari</strong></span> <span class='ocrx_word' id='word_1_10' title='bbox 723 347 761 420; x_wconf 92' lang='lat' dir='ltr'><strong>in</strong></span> <span class='ocrx_word' id='word_1_11' title='bbox 785 343 950 419; x_wconf 88' lang='lat' dir='ltr'><strong>omnibus</strong></span> <span class='ocrx_word' id='word_1_12' title='bbox 975 338 1157 435; x_wconf 83' lang='lat' dir='ltr'><strong>scriptoris</strong></span> 
     </span>
     <span class='ocr_line' id='line_1_3' title="bbox 86 441 1159 536; baseline -0.014 -9"><span class='ocrx_word' id='word_1_13' title='bbox 86 454 195 528; x_wconf 83' lang='lat' dir='ltr'><strong>novis</strong></span> <span class='ocrx_word' id='word_1_14' title='bbox 212 472 255 523; x_wconf 86' lang='lat' dir='ltr'><strong>ac</strong></span> <span class='ocrx_word' id='word_1_15' title='bbox 278 451 464 525; x_wconf 89' lang='lat' dir='ltr'><strong>veteribus</strong></span> <span class='ocrx_word' id='word_1_16' title='bbox 483 449 702 523; x_wconf 85' lang='lat' dir='ltr'>abundanter</span> <span class='ocrx_word' id='word_1_17' title='bbox 718 444 896 520; x_wconf 86' lang='lat' dir='ltr'><strong>invenies.</strong></span> <span class='ocrx_word' id='word_1_18' title='bbox 945 442 1031 517; x_wconf 91' lang='lat' dir='ltr'><strong>Hoc</strong></span> <span class='ocrx_word' id='word_1_19' title='bbox 1049 441 1159 536; x_wconf 86' lang='lat' dir='ltr'><strong>igitur</strong></span> 
     </span>
     <span class='ocr_line' id='line_1_4' title="bbox 89 540 1159 646; baseline -0.017 -17"><span class='ocrx_word' id='word_1_20' title='bbox 89 551 201 629; x_wconf 83' lang='lat' dir='ltr'><strong>modo</strong></span> <span class='ocrx_word' id='word_1_21' title='bbox 229 551 393 643; x_wconf 86' lang='lat' dir='ltr'><strong>quamvis</strong></span> <span class='ocrx_word' id='word_1_22' title='bbox 418 550 526 646; x_wconf 86' lang='lat' dir='ltr'><strong>longe</strong></span> <span class='ocrx_word' id='word_1_23' title='bbox 548 546 696 623; x_wconf 86' lang='lat' dir='ltr'><strong>inferius</strong></span> <span class='ocrx_word' id='word_1_24' title='bbox 722 566 827 639; x_wconf 81' lang='lat' dir='ltr'><strong>quam</strong></span> <span class='ocrx_word' id='word_1_25' title='bbox 842 544 992 639; x_wconf 88' lang='lat' dir='ltr'><strong>dignum</strong></span> <span class='ocrx_word' id='word_1_26' title='bbox 1006 540 1076 633; x_wconf 89' lang='lat' dir='ltr'><strong>est,</strong></span> <span class='ocrx_word' id='word_1_27' title='bbox 1101 553 1159 610; x_wconf 90' lang='lat' dir='ltr'><strong>ut·</strong></span> 
     </span>
    </p>

    <p class='ocr_par' dir='ltr' id='par_1_3' title="bbox 90 644 1162 925">
     <span class='ocr_line' id='line_1_5' title="bbox 114 644 1161 744; baseline -0.013 -19"><span class='ocrx_word' id='word_1_28' title='bbox 114 664 179 725; x_wconf 91' lang='lat' dir='ltr'><strong>ote</strong></span> <span class='ocrx_word' id='word_1_29' title='bbox 200 668 274 744; x_wconf 87' lang='lat' dir='ltr'><strong>pro</strong></span> <span class='ocrx_word' id='word_1_30' title='bbox 298 647 505 729; x_wconf 86' lang='lat' dir='ltr'><strong>infirmitate</strong></span> <span class='ocrx_word' id='word_1_31' title='bbox 535 649 697 723; x_wconf 78' lang='lat' dir='ltr'><strong>humente</strong></span> <span class='ocrx_word' id='word_1_32' title='bbox 720 644 963 739; x_wconf 76' lang='lat' dir='ltr'><strong>intelligentie</strong></span> <span class='ocrx_word' id='word_1_33' title='bbox 996 656 1161 721; x_wconf 83' lang='lat' dir='ltr'><strong>naturam</strong></span> 
     </span>
     <span class='ocr_line' id='line_1_6' title="bbox 90 676 1162 849; baseline -0.013 -22"><span class='ocrx_word' id='word_1_34' title='bbox 90 676 161 827; x_wconf 49' lang='lat' dir='ltr'><strong>slei</strong></span> <span class='ocrx_word' id='word_1_35' title='bbox 176 750 449 849; x_wconf 82' lang='lat' dir='ltr'><strong>intelligentes,</strong></span> <span class='ocrx_word' id='word_1_36' title='bbox 479 769 577 825; x_wconf 89' lang='lat' dir='ltr'><strong>nunc</strong></span> <span class='ocrx_word' id='word_1_37' title='bbox 591 744 676 845; x_wconf 88' lang='lat' dir='ltr'><strong>quid</strong></span> <span class='ocrx_word' id='word_1_38' title='bbox 690 745 754 823; x_wconf 86' lang='lat' dir='ltr'><strong>fibi</strong></span> <span class='ocrx_word' id='word_1_39' title='bbox 773 745 866 819; x_wconf 88' lang='lat' dir='ltr'><strong>velit</strong></span> <span class='ocrx_word' id='word_1_40' title='bbox 879 762 1017 819; x_wconf 85' lang='lat' dir='ltr'><strong>nomen</strong></span> <span class='ocrx_word' id='word_1_41' title='bbox 1032 734 1162 824; x_wconf 80' lang='lat' dir='ltr'><strong>Christi</strong></span> 
     </span>
     <span class='ocr_line' id='line_1_7' title="bbox 91 850 1156 925; baseline -0.015 0"><span class='ocrx_word' id='word_1_42' title='bbox 91 850 291 925; x_wconf 77' lang='lat' dir='ltr'><strong>videamus.</strong></span> <span class='ocrx_word' id='word_1_43' title='bbox 440 874 454 921; x_wconf 66' lang='lat' dir='ltr'><strong>s</strong></span> <span class='ocrx_word' id='word_1_44' title='bbox 1151 900 1156 909; x_wconf 94' lang='lat'><em>.</em></span> 
     </span>
    </p>
   </div>
   <div class='ocr_carea' id='block_1_3' title="bbox 54 986 1019 1295">
    <p class='ocr_par' dir='ltr' id='par_1_4' title="bbox 54 986 1019 1295">
     <span class='ocr_line' id='line_1_8' title="bbox 54 986 1019 1125; baseline 0.016 -16"><span class='ocrx_word' id='word_1_45' title='bbox 54 986 58 1109; x_wconf 76' lang='lat' dir='ltr'>s</span> <span class='ocrx_word' id='word_1_46' title='bbox 190 1031 1019 1125; x_wconf 78' lang='lat' dir='ltr'><strong>.cArursrconoom</strong></span> 
     </span>
     <span class='ocr_line' id='line_1_9' title="bbox 477 1196 773 1295; baseline -0.003 -25"><span class='ocrx_word' id='word_1_47' title='bbox 477 1200 541 1270; x_wconf 82' lang='lat' dir='ltr'><strong>De</strong></span> <span class='ocrx_word' id='word_1_48' title='bbox 593 1196 773 1295; x_wconf 74' lang='lat' dir='ltr'><strong>chrisio.</strong></span> 
     </span>
    </p>
   </div>
   <div class='ocr_carea' id='block_1_4' title="bbox 97 1338 1233 4016">
    <p class='ocr_par' dir='ltr' id='par_1_5' title="bbox 97 1338 1233 3131">
     <span class='ocr_line' id='line_1_10' title="bbox 100 1338 1166 1519; baseline 0 -98"><span class='ocrx_word' id='word_1_49' title='bbox 100 1346 295 1519; x_wconf 80' lang='lat' dir='ltr'><strong>t.Primo</strong></span> <span class='ocrx_word' id='word_1_50' title='bbox 315 1346 403 1419; x_wconf 91' lang='lat' dir='ltr'><strong>illud</strong></span> <span class='ocrx_word' id='word_1_51' title='bbox 419 1366 488 1419; x_wconf 91' lang='lat' dir='ltr'><strong>nos</strong></span> <span class='ocrx_word' id='word_1_52' title='bbox 512 1358 664 1440; x_wconf 89' lang='lat' dir='ltr'>oportet</span> <span class='ocrx_word' id='word_1_53' title='bbox 684 1344 796 1442; x_wconf 87' lang='lat' dir='ltr'><strong>scire,</strong></span> <span class='ocrx_word' id='word_1_54' title='bbox 830 1343 928 1438; x_wconf 88' lang='lat' dir='ltr'><strong>quod</strong></span> <span class='ocrx_word' id='word_1_55' title='bbox 949 1343 1041 1418; x_wconf 90' lang='lat' dir='ltr'><strong>aliud</strong></span> <span class='ocrx_word' id='word_1_56' title='bbox 1058 1338 1110 1417; x_wconf 89' lang='lat' dir='ltr'><strong>est</strong></span> <span class='ocrx_word' id='word_1_57' title='bbox 1126 1343 1166 1421; x_wconf 83' lang='lat' dir='ltr'><strong>in</strong></span> 
     </span>
     <span class='ocr_line' id='line_1_11' title="bbox 228 1442 1233 1540; baseline -0.001 -23"><span class='ocrx_word' id='word_1_58' title='bbox 228 1442 372 1518; x_wconf 87' lang='lat' dir='ltr'>Christo</span> <span class='ocrx_word' id='word_1_59' title='bbox 397 1444 538 1519; x_wconf 88' lang='lat' dir='ltr'><strong>deitatis</strong></span> <span class='ocrx_word' id='word_1_60' title='bbox 554 1448 629 1538; x_wconf 88' lang='lat' dir='ltr'><strong>ejus</strong></span> <span class='ocrx_word' id='word_1_61' title='bbox 646 1461 795 1539; x_wconf 87' lang='lat' dir='ltr'><strong>natura,</strong></span> <span class='ocrx_word' id='word_1_62' title='bbox 824 1446 921 1538; x_wconf 88' lang='lat' dir='ltr'><strong>quod</strong></span> <span class='ocrx_word' id='word_1_63' title='bbox 938 1444 989 1519; x_wconf 90' lang='lat' dir='ltr'><strong>est</strong></span> <span class='ocrx_word' id='word_1_64' title='bbox 1005 1445 1177 1540; x_wconf 72' lang='lat' dir='ltr'><strong>unigeni·</strong></span> <span class='ocrx_word' id='word_1_65' title='bbox 1228 1533 1233 1539; x_wconf 26' lang='lat'><strong>¹</strong></span> 
     </span>
     <span class='ocr_line' id='line_1_12' title="bbox 97 1540 1167 1639; baseline -0.004 -20"><span class='ocrx_word' id='word_1_66' title='bbox 97 1550 154 1619; x_wconf 73' lang='lat' dir='ltr'><strong>tus</strong></span> <span class='ocrx_word' id='word_1_67' title='bbox 169 1540 411 1639; x_wconf 84' lang='lat' dir='ltr'><strong>filiuspatris:</strong></span> <span class='ocrx_word' id='word_1_68' title='bbox 437 1545 471 1617; x_wconf 91' lang='lat'>&amp;</span> <span class='ocrx_word' id='word_1_69' title='bbox 488 1546 554 1621; x_wconf 88' lang='lat' dir='ltr'><strong>alia</strong></span> <span class='ocrx_word' id='word_1_70' title='bbox 564 1545 717 1619; x_wconf 84' lang='lat' dir='ltr'><strong>humana</strong></span> <span class='ocrx_word' id='word_1_71' title='bbox 731 1561 858 1619; x_wconf 89' lang='lat' dir='ltr'><strong>natura</strong></span> <span class='ocrx_word' id='word_1_72' title='bbox 876 1567 980 1636; x_wconf 91' lang='lat' dir='ltr'><strong>quam</strong></span> <span class='ocrx_word' id='word_1_73' title='bbox 992 1547 1029 1617; x_wconf 94' lang='lat' dir='ltr'><strong>in</strong></span> <span class='ocrx_word' id='word_1_74' title='bbox 1045 1540 1167 1617; x_wconf 90' lang='lat' dir='ltr'><strong>novis·</strong></span> 
     </span>
     <span class='ocr_line' id='line_1_13' title="bbox 98 1642 1200 1743; baseline 0 -27"><span class='ocrx_word' id='word_1_75' title='bbox 98 1642 185 1717; x_wconf 84' lang='lat' dir='ltr'><strong>limis</strong></span> <span class='ocrx_word' id='word_1_76' title='bbox 202 1645 428 1737; x_wconf 81' lang='lat' dir='ltr'><strong>temporibus</strong></span> <span class='ocrx_word' id='word_1_77' title='bbox 443 1666 512 1741; x_wconf 86' lang='lat' dir='ltr'><strong>pro</strong></span> <span class='ocrx_word' id='word_1_78' title='bbox 530 1642 786 1742; x_wconf 88' lang='lat' dir='ltr'><strong>dispensatione</strong></span> <span class='ocrx_word' id='word_1_79' title='bbox 800 1646 960 1739; x_wconf 86' lang='lat' dir='ltr'><strong>suscepit.</strong></span> <span class='ocrx_word' id='word_1_80' title='bbox 1010 1644 1167 1737; x_wconf 83' lang='lat' dir='ltr'><strong>Propter</strong></span> <span class='ocrx_word' id='word_1_81' title='bbox 1196 1734 1200 1743; x_wconf 22' lang='grc' dir='ltr'>ἱ</span> 
     </span>
     <span class='ocr_line' id='line_1_14' title="bbox 99 1740 1205 1840; baseline -0.001 -23"><span class='ocrx_word' id='word_1_82' title='bbox 99 1744 197 1833; x_wconf 85' lang='lat' dir='ltr'><strong>quod</strong></span> <span class='ocrx_word' id='word_1_83' title='bbox 222 1742 419 1818; x_wconf 90' lang='lat' dir='ltr'><strong>videndum</strong></span> <span class='ocrx_word' id='word_1_84' title='bbox 443 1744 561 1837; x_wconf 91' lang='lat' dir='ltr'><strong>primo</strong></span> <span class='ocrx_word' id='word_1_85' title='bbox 586 1744 637 1829; x_wconf 87' lang='lat' dir='ltr'><strong>est</strong></span> <span class='ocrx_word' id='word_1_86' title='bbox 663 1746 747 1837; x_wconf 89' lang='lat' dir='ltr'><strong>quid</strong></span> <span class='ocrx_word' id='word_1_87' title='bbox 776 1746 819 1819; x_wconf 88' lang='lat' dir='ltr'><strong>sit</strong></span> <span class='ocrx_word' id='word_1_88' title='bbox 842 1743 1044 1840; x_wconf 86' lang='lat' dir='ltr'><strong>unigenitus</strong></span> <span class='ocrx_word' id='word_1_89' title='bbox 1070 1740 1167 1817; x_wconf 83' lang='lat' dir='ltr'><strong>filius</strong></span> <span class='ocrx_word' id='word_1_90' title='bbox 1199 1750 1205 1767; x_wconf 82' lang='grc'><em>“</em></span> 
     </span>
     <span class='ocr_line' id='line_1_15' title="bbox 99 1840 1169 1937; baseline -0.007 -22"><span class='ocrx_word' id='word_1_91' title='bbox 99 1840 192 1937; x_wconf 88' lang='lat' dir='ltr'><strong>Dei,</strong></span> <span class='ocrx_word' id='word_1_92' title='bbox 223 1845 283 1935; x_wconf 60' lang='lat' dir='ltr'><strong>§ti</strong></span> <span class='ocrx_word' id='word_1_93' title='bbox 302 1843 423 1917; x_wconf 90' lang='lat' dir='ltr'><strong>multis</strong></span> <span class='ocrx_word' id='word_1_94' title='bbox 438 1844 580 1937; x_wconf 87' lang='lat' dir='ltr'><strong>quidem</strong></span> <span class='ocrx_word' id='word_1_95' title='bbox 598 1842 635 1917; x_wconf 69' lang='grc' dir='ltr'><strong>δι’</strong></span> <span class='ocrx_word' id='word_1_96' title='bbox 653 1844 797 1918; x_wconf 77' lang='lat' dir='ltr'><strong>diversis</strong></span> <span class='ocrx_word' id='word_1_97' title='bbox 811 1844 1013 1917; x_wconf 87' lang='lat' dir='ltr'><strong>nominibus</strong></span> <span class='ocrx_word' id='word_1_98' title='bbox 1028 1864 1097 1936; x_wconf 90' lang='lat' dir='ltr'><strong>pro</strong></span> <span class='ocrx_word' id='word_1_99' title='bbox 1111 1861 1169 1914; x_wconf 65' lang='lat' dir='ltr'><strong>re,</strong></span> 
     </span>
     <span class='ocr_line' id='line_1_16' title="bbox 99 1940 1169 2037; baseline -0.001 -21"><span class='ocrx_word' id='word_1_100' title='bbox 99 1940 168 2016; x_wconf 87' lang='lat' dir='ltr'><strong>bus</strong></span> <span class='ocrx_word' id='word_1_101' title='bbox 195 1944 260 2015; x_wconf 88' lang='lat' dir='ltr'><strong>vel</strong></span> <span class='ocrx_word' id='word_1_102' title='bbox 283 1944 513 2036; x_wconf 88' lang='lat' dir='ltr'><strong>opinionibus</strong></span> <span class='ocrx_word' id='word_1_103' title='bbox 539 1945 791 2037; x_wconf 84' lang='lat' dir='ltr'><strong>appellantium</strong></span> <span class='ocrx_word' id='word_1_104' title='bbox 815 1957 1055 2033; x_wconf 87' lang='lat' dir='ltr'><strong>nuncupatur.</strong></span> <span class='ocrx_word' id='word_1_105' title='bbox 1106 1940 1169 2015; x_wconf 85' lang='lat' dir='ltr'><strong>Sa·</strong></span> 
     </span>
     <span class='ocr_line' id='line_1_17' title="bbox 101 2040 1170 2137; baseline -0.002 -26"><span class='ocrx_word' id='word_1_106' title='bbox 101 2040 237 2137; x_wconf 88' lang='lat' dir='ltr'><strong>pientia</strong></span> <span class='ocrx_word' id='word_1_107' title='bbox 250 2060 400 2134; x_wconf 88' lang='lat' dir='ltr'><strong>namque</strong></span> <span class='ocrx_word' id='word_1_108' title='bbox 414 2042 563 2136; x_wconf 86' lang='lat' dir='ltr'><strong>dicitur,</strong></span> <span class='ocrx_word' id='word_1_109' title='bbox 586 2043 905 2131; x_wconf 72' lang='lat' dir='ltr'><strong>sicutissalomon</strong></span> <span class='ocrx_word' id='word_1_110' title='bbox 919 2042 1027 2115; x_wconf 87' lang='lat' dir='ltr'><strong>dixit:</strong></span> <span class='ocrx_word' id='word_1_111' title='bbox 1059 2046 1170 2113; x_wconf 77' lang='lat' dir='ltr'><strong>Domi·</strong></span> 
     </span>
     <span class='ocr_line' id='line_1_18' title="bbox 100 2140 1169 2238; baseline -0.002 -23"><span class='ocrx_word' id='word_1_112' title='bbox 100 2164 165 2215; x_wconf 76' lang='lat' dir='ltr'><strong>rtur</strong></span> <span class='ocrx_word' id='word_1_113' title='bbox 181 2146 306 2213; x_wconf 74' lang='lat' dir='ltr'><strong>meavit</strong></span> <span class='ocrx_word' id='word_1_114' title='bbox 319 2168 367 2213; x_wconf 82' lang='lat' dir='ltr'><strong>me</strong></span> <span class='ocrx_word' id='word_1_115' title='bbox 383 2148 517 2213; x_wconf 81' lang='lat' dir='ltr'><strong>initium</strong></span> <span class='ocrx_word' id='word_1_116' title='bbox 539 2150 668 2215; x_wconf 83' lang='lat' dir='ltr'><strong>viarum</strong></span> <span class='ocrx_word' id='word_1_117' title='bbox 688 2146 842 2232; x_wconf 85' lang='lat' dir='ltr'><strong>suarum,</strong></span> <span class='ocrx_word' id='word_1_118' title='bbox 868 2140 907 2219; x_wconf 70' lang='lat'><strong>(¹5</strong></span> <span class='ocrx_word' id='word_1_119' title='bbox 934 2148 972 2211; x_wconf 78' lang='lat' dir='ltr'><strong>im</strong></span> <span class='ocrx_word' id='word_1_120' title='bbox 995 2163 1086 2238; x_wconf 80' lang='lat' dir='ltr'><strong>opera</strong></span> <span class='ocrx_word' id='word_1_121' title='bbox 1107 2144 1169 2229; x_wconf 80' lang='lat' dir='ltr'><strong>[ua</strong></span> 
     </span>
     <span class='ocr_line' id='line_1_19' title="bbox 101 2240 1170 2340; baseline 0 -27"><span class='ocrx_word' id='word_1_122' title='bbox 101 2256 273 2339; x_wconf 79' lang='lat' dir='ltr'><strong>antequam</strong></span> <span class='ocrx_word' id='word_1_123' title='bbox 294 2240 418 2340; x_wconf 69' lang='lat' dir='ltr'><strong>eliquid</strong></span> <span class='ocrx_word' id='word_1_124' title='bbox 432 2240 557 2336; x_wconf 76' lang='lat' dir='ltr'><strong>faceret</strong></span> <span class='ocrx_word' id='word_1_125' title='bbox 571 2268 600 2329; x_wconf 73' lang='lat'><strong>,¹</strong></span> <span class='ocrx_word' id='word_1_126' title='bbox 617 2260 693 2317; x_wconf 77' lang='lat' dir='ltr'><strong>artie</strong></span> <span class='ocrx_word' id='word_1_127' title='bbox 703 2244 818 2333; x_wconf 67' lang='lat' dir='ltr'><strong>semla</strong></span> <span class='ocrx_word' id='word_1_128' title='bbox 832 2241 996 2335; x_wconf 75' lang='lat' dir='ltr'><strong>fundavit</strong></span> <span class='ocrx_word' id='word_1_129' title='bbox 1016 2266 1074 2317; x_wconf 83' lang='lat' dir='ltr'><strong>me.</strong></span> <span class='ocrx_word' id='word_1_130' title='bbox 1128 2244 1170 2314; x_wconf 83' lang='lat' dir='ltr'><strong>ln</strong></span> 
     </span>
     <span class='ocr_line' id='line_1_20' title="bbox 103 2340 1170 2441; baseline 0.002 -28"><span class='ocrx_word' id='word_1_131' title='bbox 103 2344 200 2413; x_wconf 75' lang='lat' dir='ltr'><strong>initio</strong></span> <span class='ocrx_word' id='word_1_132' title='bbox 207 2346 396 2439; x_wconf 74' lang='lat' dir='ltr'><strong>priusquam</strong></span> <span class='ocrx_word' id='word_1_133' title='bbox 412 2360 531 2415; x_wconf 82' lang='lat' dir='ltr'><strong>terram</strong></span> <span class='ocrx_word' id='word_1_134' title='bbox 539 2342 681 2437; x_wconf 78' lang='lat' dir='ltr'><strong>faceret,</strong></span> <span class='ocrx_word' id='word_1_135' title='bbox 702 2352 890 2441; x_wconf 78' lang='lat' dir='ltr'><strong>priusquam</strong></span> <span class='ocrx_word' id='word_1_136' title='bbox 902 2343 1083 2440; x_wconf 72' lang='lat' dir='ltr'><strong>produceret</strong></span> <span class='ocrx_word' id='word_1_137' title='bbox 1088 2340 1170 2434; x_wconf 61' lang='lat' dir='ltr'><strong>fona,</strong></span> 
     </span>
     <span class='ocr_line' id='line_1_21' title="bbox 103 2448 1172 2542; baseline -0.002 -27"><span class='ocrx_word' id='word_1_138' title='bbox 103 2458 148 2515; x_wconf 81' lang='lat' dir='ltr'><strong>tes</strong></span> <span class='ocrx_word' id='word_1_139' title='bbox 165 2466 341 2539; x_wconf 78' lang='lat' dir='ltr'><strong>equarum,</strong></span> <span class='ocrx_word' id='word_1_140' title='bbox 371 2460 541 2542; x_wconf 80' lang='lat' dir='ltr'><strong>antequam</strong></span> <span class='ocrx_word' id='word_1_141' title='bbox 553 2448 773 2537; x_wconf 77' lang='lat' dir='ltr'><strong>firmarentur</strong></span> <span class='ocrx_word' id='word_1_142' title='bbox 790 2460 936 2526; x_wconf 80' lang='lat' dir='ltr'><strong>montes,</strong></span> <span class='ocrx_word' id='word_1_143' title='bbox 966 2458 1045 2512; x_wconf 79' lang='lat' dir='ltr'><strong>ame</strong></span> <span class='ocrx_word' id='word_1_144' title='bbox 1065 2466 1172 2513; x_wconf 69' lang='lat' dir='ltr'><strong>omnen</strong></span> 
     </span>
     <span class='ocr_line' id='line_1_22' title="bbox 104 2541 1170 2638; baseline 0.002 -25"><span class='ocrx_word' id='word_1_145' title='bbox 104 2557 206 2615; x_wconf 77' lang='lat' dir='ltr'><strong>mrem</strong></span> <span class='ocrx_word' id='word_1_146' title='bbox 222 2544 311 2613; x_wconf 72' lang='lat' dir='ltr'><strong>ceder</strong></span> <span class='ocrx_word' id='word_1_147' title='bbox 350 2548 442 2616; x_wconf 83' lang='lat' dir='ltr'><strong>enuit</strong></span> <span class='ocrx_word' id='word_1_148' title='bbox 463 2569 521 2615; x_wconf 80' lang='lat' dir='ltr'><strong>me.</strong></span> <span class='ocrx_word' id='word_1_149' title='bbox 587 2544 733 2617; x_wconf 88' lang='lat' dir='ltr'><strong>Dicitur</strong></span> <span class='ocrx_word' id='word_1_150' title='bbox 758 2555 878 2619; x_wconf 88' lang='lat' dir='ltr'><strong>autem</strong></span> <span class='ocrx_word' id='word_1_151' title='bbox 899 2542 934 2614; x_wconf 80' lang='lat' dir='ltr'><strong>dr</strong></span> <span class='ocrx_word' id='word_1_152' title='bbox 952 2541 1170 2638; x_wconf 85' lang='lat' dir='ltr'><strong>primogeni-</strong></span> 
     </span>
     <span class='ocr_line' id='line_1_23' title="bbox 104 2568 1172 2739; baseline -0.002 -24"><span class='ocrx_word' id='word_1_153' title='bbox 104 2652 185 2735; x_wconf 84' lang='lat' dir='ltr'><strong>tus,</strong></span> <span class='ocrx_word' id='word_1_154' title='bbox 211 2640 304 2715; x_wconf 89' lang='lat' dir='ltr'><strong>ficut</strong></span> <span class='ocrx_word' id='word_1_155' title='bbox 326 2568 416 2718; x_wconf 47' lang='lat' dir='ltr'><strong>§ixit</strong></span> <span class='ocrx_word' id='word_1_156' title='bbox 436 2640 653 2739; x_wconf 77' lang='lat' dir='ltr'><strong>Apostolus:</strong></span> <span class='ocrx_word' id='word_1_157' title='bbox 686 2648 755 2737; x_wconf 75' lang='lat' dir='ltr'><strong>Qui</strong></span> <span class='ocrx_word' id='word_1_158' title='bbox 770 2644 809 2739; x_wconf 69' lang='grc' dir='ltr'><strong>ιβ</strong></span> <span class='ocrx_word' id='word_1_159' title='bbox 820 2647 1045 2739; x_wconf 79' lang='lat' dir='ltr'><strong>primogenitus</strong></span> <span class='ocrx_word' id='word_1_160' title='bbox 1066 2649 1172 2713; x_wconf 76' lang='lat' dir='ltr'><strong>omnis</strong></span> 
     </span>
     <span class='ocr_line' id='line_1_24' title="bbox 106 2740 1172 2840; baseline 0.002 -29"><span class='ocrx_word' id='word_1_161' title='bbox 106 2758 263 2814; x_wconf 70' lang='lat' dir='ltr'><strong>tratura.</strong></span> <span class='ocrx_word' id='word_1_162' title='bbox 318 2740 403 2817; x_wconf 89' lang='lat' dir='ltr'><strong>Nec</strong></span> <span class='ocrx_word' id='word_1_163' title='bbox 426 2757 545 2817; x_wconf 90' lang='lat' dir='ltr'><strong>tamen</strong></span> <span class='ocrx_word' id='word_1_164' title='bbox 565 2744 653 2817; x_wconf 86' lang='lat' dir='ltr'><strong>alius</strong></span> <span class='ocrx_word' id='word_1_165' title='bbox 673 2743 725 2817; x_wconf 90' lang='lat' dir='ltr'><strong>est</strong></span> <span class='ocrx_word' id='word_1_166' title='bbox 745 2743 1004 2840; x_wconf 85' lang='lat' dir='ltr'><strong>primogenitus</strong></span> <span class='ocrx_word' id='word_1_167' title='bbox 1023 2762 1088 2834; x_wconf 89' lang='lat' dir='ltr'><strong>per</strong></span> <span class='ocrx_word' id='word_1_168' title='bbox 1110 2760 1172 2815; x_wconf 87' lang='lat' dir='ltr'><strong>na·</strong></span> 
     </span>
     <span class='ocr_line' id='line_1_25' title="bbox 106 2839 1174 2935; baseline -0.007 -14"><span class='ocrx_word' id='word_1_169' title='bbox 106 2854 220 2921; x_wconf 76' lang='lat' dir='ltr'><strong>illrum</strong></span> <span class='ocrx_word' id='word_1_170' title='bbox 238 2860 344 2933; x_wconf 86' lang='lat' dir='ltr'><strong>quam</strong></span> <span class='ocrx_word' id='word_1_171' title='bbox 358 2839 546 2935; x_wconf 83' lang='lat' dir='ltr'><strong>sapientia,</strong></span> <span class='ocrx_word' id='word_1_172' title='bbox 573 2840 741 2917; x_wconf 87' lang='lat' dir='ltr'><strong>sedunus</strong></span> <span class='ocrx_word' id='word_1_173' title='bbox 759 2857 866 2935; x_wconf 88' lang='lat' dir='ltr'><strong>atque</strong></span> <span class='ocrx_word' id='word_1_174' title='bbox 882 2842 976 2915; x_wconf 87' lang='lat' dir='ltr'><strong>idem</strong></span> <span class='ocrx_word' id='word_1_175' title='bbox 991 2839 1053 2918; x_wconf 83' lang='lat' dir='ltr'><strong>est.</strong></span> <span class='ocrx_word' id='word_1_176' title='bbox 1096 2840 1174 2913; x_wconf 88' lang='lat' dir='ltr'><strong>De·</strong></span> 
     </span>
     <span class='ocr_line' id='line_1_26' title="bbox 105 2936 1174 3131; baseline -0.007 -113"><span class='ocrx_word' id='word_1_177' title='bbox 105 2941 222 3131; x_wconf 54' lang='lat'>{211}</span> <span class='ocrx_word' id='word_1_178' title='bbox 231 2938 267 3013; x_wconf 88' lang='lat'>&amp;</span> <span class='ocrx_word' id='word_1_179' title='bbox 280 2939 463 3037; x_wconf 81' lang='lat' dir='ltr'><strong>apostolus</strong></span> <span class='ocrx_word' id='word_1_180' title='bbox 482 2941 610 3017; x_wconf 84' lang='lat' dir='ltr'><strong>Paulus</strong></span> <span class='ocrx_word' id='word_1_181' title='bbox 625 2942 731 3018; x_wconf 86' lang='lat' dir='ltr'><strong>dicit:</strong></span> <span class='ocrx_word' id='word_1_182' title='bbox 766 2943 906 3042; x_wconf 62' lang='lat' dir='ltr'><strong>curmae</strong></span> <span class='ocrx_word' id='word_1_183' title='bbox 930 2944 995 3012; x_wconf 82' lang='lat' dir='ltr'><strong>Dei</strong></span> <span class='ocrx_word' id='word_1_184' title='bbox 1006 2943 1120 3013; x_wconf 80' lang='lat' dir='ltr'><strong>virtus</strong></span> <span class='ocrx_word' id='word_1_185' title='bbox 1132 2936 1174 3021; x_wconf 67' lang='lat'><strong>(5</strong></span> 
     </span>
    </p>

    <p class='ocr_par' dir='ltr' id='par_1_6' title="bbox 158 3045 366 3137">
     <span class='ocr_line' id='line_1_27' title="bbox 158 3045 366 3137; baseline 0.01 -26"><span class='ocrx_word' id='word_1_186' title='bbox 158 3046 171 3111; x_wconf 84' lang='lat' dir='ltr'><strong>i</strong></span> <span class='ocrx_word' id='word_1_187' title='bbox 209 3045 366 3137; x_wconf 72' lang='lat' dir='ltr'><strong>cupientia.</strong></span> 
     </span>
    </p>

    <p class='ocr_par' dir='ltr' id='par_1_7' title="bbox 109 3138 1185 3939">
     <span class='ocr_line' id='line_1_28' title="bbox 179 3138 1176 3234; baseline 0.001 -21"><span class='ocrx_word' id='word_1_188' title='bbox 179 3162 215 3215; x_wconf 78' lang='lat'><strong>2.</strong></span> <span class='ocrx_word' id='word_1_189' title='bbox 239 3139 364 3215; x_wconf 90' lang='lat' dir='ltr'><strong>Nemo</strong></span> <span class='ocrx_word' id='word_1_190' title='bbox 385 3154 505 3215; x_wconf 91' lang='lat' dir='ltr'><strong>tamen</strong></span> <span class='ocrx_word' id='word_1_191' title='bbox 524 3154 630 3234; x_wconf 88' lang='lat' dir='ltr'><strong>putet</strong></span> <span class='ocrx_word' id='word_1_192' title='bbox 649 3141 779 3234; x_wconf 89' lang='lat' dir='ltr'><strong>aliquid</strong></span> <span class='ocrx_word' id='word_1_193' title='bbox 796 3161 865 3215; x_wconf 91' lang='lat' dir='ltr'><strong>nos</strong></span> <span class='ocrx_word' id='word_1_194' title='bbox 880 3138 1176 3215; x_wconf 83' lang='lat' dir='ltr'><strong>insubstantivum</strong></span> 
     </span>
     <span class='ocr_line' id='line_1_29' title="bbox 109 3236 1175 3341; baseline -0.005 -23"><span class='ocrx_word' id='word_1_195' title='bbox 109 3236 251 3334; x_wconf 78' lang='lat' dir='ltr'><strong>¹(litere,</strong></span> <span class='ocrx_word' id='word_1_196' title='bbox 285 3249 473 3341; x_wconf 82' lang='lat' dir='ltr'><strong>cumeum</strong></span> <span class='ocrx_word' id='word_1_197' title='bbox 486 3240 559 3314; x_wconf 89' lang='lat' dir='ltr'><strong>Dei</strong></span> <span class='ocrx_word' id='word_1_198' title='bbox 573 3240 777 3334; x_wconf 89' lang='lat' dir='ltr'><strong>sapientiam</strong></span> <span class='ocrx_word' id='word_1_199' title='bbox 796 3242 1045 3330; x_wconf 81' lang='lat' dir='ltr'><strong>nominamus3</strong></span> <span class='ocrx_word' id='word_1_200' title='bbox 1069 3237 1175 3313; x_wconf 87' lang='lat' dir='ltr'><strong>idest</strong></span> 
     </span>
     <span class='ocr_line' id='line_1_30' title="bbox 110 3337 1176 3436; baseline -0.003 -23"><span class='ocrx_word' id='word_1_201' title='bbox 110 3338 171 3434; x_wconf 88' lang='lat' dir='ltr'><strong>(ut</strong></span> <span class='ocrx_word' id='word_1_202' title='bbox 192 3341 349 3432; x_wconf 87' lang='lat' dir='ltr'><strong>exempli</strong></span> <span class='ocrx_word' id='word_1_203' title='bbox 366 3337 468 3413; x_wconf 86' lang='lat' dir='ltr'><strong>causa</strong></span> <span class='ocrx_word' id='word_1_204' title='bbox 479 3338 666 3436; x_wconf 88' lang='lat' dir='ltr'><strong>finxerim)</strong></span> <span class='ocrx_word' id='word_1_205' title='bbox 686 3340 783 3433; x_wconf 90' lang='lat' dir='ltr'><strong>quod</strong></span> <span class='ocrx_word' id='word_1_206' title='bbox 801 3363 881 3415; x_wconf 91' lang='lat' dir='ltr'><strong>eum</strong></span> <span class='ocrx_word' id='word_1_207' title='bbox 894 3340 972 3413; x_wconf 92' lang='lat' dir='ltr'><strong>non</strong></span> <span class='ocrx_word' id='word_1_208' title='bbox 985 3342 1090 3413; x_wconf 89' lang='lat' dir='ltr'><strong>velut</strong></span> <span class='ocrx_word' id='word_1_209' title='bbox 1103 3340 1176 3411; x_wconf 86' lang='lat' dir='ltr'><strong>ani·</strong></span> 
     </span>
     <span class='ocr_line' id='line_1_31' title="bbox 109 3435 1177 3535; baseline -0.002 -22"><span class='ocrx_word' id='word_1_210' title='bbox 109 3440 175 3513; x_wconf 87' lang='lat' dir='ltr'><strong>mal</strong></span> <span class='ocrx_word' id='word_1_211' title='bbox 195 3440 375 3531; x_wconf 87' lang='lat' dir='ltr'><strong>quoddam</strong></span> <span class='ocrx_word' id='word_1_212' title='bbox 392 3438 549 3535; x_wconf 90' lang='lat' dir='ltr'><strong>sapiens,</strong></span> <span class='ocrx_word' id='word_1_213' title='bbox 574 3461 651 3515; x_wconf 86' lang='lat' dir='ltr'><strong>rem</strong></span> <span class='ocrx_word' id='word_1_214' title='bbox 669 3443 818 3533; x_wconf 90' lang='lat' dir='ltr'><strong>aliquam</strong></span> <span class='ocrx_word' id='word_1_215' title='bbox 837 3460 914 3530; x_wconf 88' lang='lat' dir='ltr'><strong>quae</strong></span> <span class='ocrx_word' id='word_1_216' title='bbox 930 3438 1103 3533; x_wconf 89' lang='lat' dir='ltr'><strong>sapientes</strong></span> <span class='ocrx_word' id='word_1_217' title='bbox 1125 3435 1177 3511; x_wconf 86' lang='lat' dir='ltr'><strong>ef·</strong></span> 
     </span>
     <span class='ocr_line' id='line_1_32' title="bbox 110 3534 1176 3634; baseline -0.001 -23"><span class='ocrx_word' id='word_1_218' title='bbox 110 3534 226 3632; x_wconf 87' lang='lat' dir='ltr'><strong>ficiat,</strong></span> <span class='ocrx_word' id='word_1_219' title='bbox 250 3539 512 3634; x_wconf 86' lang='lat' dir='ltr'><strong>intelligamus,</strong></span> <span class='ocrx_word' id='word_1_220' title='bbox 544 3539 813 3633; x_wconf 87' lang='lat' dir='ltr'><strong>praebentemse</strong></span> <span class='ocrx_word' id='word_1_221' title='bbox 833 3538 1064 3615; x_wconf 88' lang='lat' dir='ltr'><strong>&amp;mentibus</strong></span> <span class='ocrx_word' id='word_1_222' title='bbox 1087 3536 1176 3611; x_wconf 92' lang='lat' dir='ltr'><strong>inse·</strong></span> 
     </span>
     <span class='ocr_line' id='line_1_33' title="bbox 111 3638 1176 3731; baseline -0.002 -21"><span class='ocrx_word' id='word_1_223' title='bbox 111 3654 249 3712; x_wconf 87' lang='lat' dir='ltr'><strong>rentem</strong></span> <span class='ocrx_word' id='word_1_224' title='bbox 270 3659 398 3713; x_wconf 89' lang='lat' dir='ltr'><strong>eorum</strong></span> <span class='ocrx_word' id='word_1_225' title='bbox 416 3638 477 3727; x_wconf 92' lang='lat' dir='ltr'><strong>qui</strong></span> <span class='ocrx_word' id='word_1_226' title='bbox 493 3660 640 3731; x_wconf 91' lang='lat' dir='ltr'><strong>capaces</strong></span> <span class='ocrx_word' id='word_1_227' title='bbox 660 3639 837 3712; x_wconf 88' lang='lat' dir='ltr'><strong>virtutum</strong></span> <span class='ocrx_word' id='word_1_228' title='bbox 855 3639 931 3731; x_wconf 78' lang='lat' dir='ltr'><strong>eJ&#39;us</strong></span> <span class='ocrx_word' id='word_1_229' title='bbox 949 3653 1056 3731; x_wconf 91' lang='lat' dir='ltr'><strong>atque</strong></span> <span class='ocrx_word' id='word_1_230' title='bbox 1072 3638 1176 3711; x_wconf 89' lang='lat' dir='ltr'><strong>intel·</strong></span> 
     </span>
     <span class='ocr_line' id='line_1_34' title="bbox 111 3736 1176 3834; baseline -0.005 -23"><span class='ocrx_word' id='word_1_231' title='bbox 111 3736 262 3833; x_wconf 84' lang='lat' dir='ltr'><strong>ligentiae</strong></span> <span class='ocrx_word' id='word_1_232' title='bbox 276 3736 380 3812; x_wconf 87' lang='lat' dir='ltr'><strong>fiunt.</strong></span> <span class='ocrx_word' id='word_1_233' title='bbox 431 3736 468 3810; x_wconf 84' lang='lat' dir='ltr'><strong>Si</strong></span> <span class='ocrx_word' id='word_1_234' title='bbox 486 3758 573 3834; x_wconf 83' lang='lat' dir='ltr'><strong>ergo</strong></span> <span class='ocrx_word' id='word_1_235' title='bbox 595 3737 701 3812; x_wconf 89' lang='lat' dir='ltr'><strong>semel</strong></span> <span class='ocrx_word' id='word_1_236' title='bbox 715 3737 812 3813; x_wconf 74' lang='lat' dir='ltr'><strong>reste</strong></span> <span class='ocrx_word' id='word_1_237' title='bbox 829 3751 1016 3832; x_wconf 85' lang='lat' dir='ltr'><strong>receptum</strong></span> <span class='ocrx_word' id='word_1_238' title='bbox 1034 3736 1084 3811; x_wconf 92' lang='lat' dir='ltr'><strong>est</strong></span> <span class='ocrx_word' id='word_1_239' title='bbox 1098 3737 1176 3808; x_wconf 89' lang='lat' dir='ltr'><strong>uni·</strong></span> 
     </span>
     <span class='ocr_line' id='line_1_35' title="bbox 114 3834 1185 3939; baseline -0.001 -29"><span class='ocrx_word' id='word_1_240' title='bbox 114 3838 269 3935; x_wconf 76' lang='lat' dir='ltr'><strong>genitum</strong></span> <span class='ocrx_word' id='word_1_241' title='bbox 281 3836 396 3917; x_wconf 84' lang='lat' dir='ltr'><strong>filium</strong></span> <span class='ocrx_word' id='word_1_242' title='bbox 415 3836 512 3930; x_wconf 91' lang='lat' dir='ltr'><strong>Dei,</strong></span> <span class='ocrx_word' id='word_1_243' title='bbox 536 3836 740 3939; x_wconf 84' lang='lat' dir='ltr'><strong>sapientiam</strong></span> <span class='ocrx_word' id='word_1_244' title='bbox 759 3839 835 3937; x_wconf 80' lang='lat' dir='ltr'><strong>ejus</strong></span> <span class='ocrx_word' id='word_1_245' title='bbox 858 3836 929 3917; x_wconf 83' lang='lat' dir='ltr'><strong>else</strong></span> <span class='ocrx_word' id='word_1_246' title='bbox 947 3834 1185 3917; x_wconf 70' lang='lat' dir='ltr'><strong>substantiali·</strong></span> 
     </span>
    </p>

    <p class='ocr_par' dir='ltr' id='par_1_8' title="bbox 1088 3952 1153 4016">
     <span class='ocr_line' id='line_1_36' title="bbox 1088 3952 1153 4016; baseline -0.062 1"><span class='ocrx_word' id='word_1_247' title='bbox 1088 3952 1153 4016; x_wconf 62' lang='lat' dir='ltr'><strong>iet</strong></span> 
     </span>
    </p>
   </div>
   <div class='ocr_carea' id='block_1_5' title="bbox 0 0 1280 4254">
    <p class='ocr_par' dir='ltr' id='par_1_9' title="bbox 0 0 1280 4254">
     <span class='ocr_line' id='line_1_37' title="bbox 0 0 1280 4254; baseline 0 0"><span class='ocrx_word' id='word_1_248' title='bbox 0 0 1280 4254; x_wconf 95' lang='lat' dir='ltr'><strong> </strong></span> 
     </span>
    </p>
   </div>
  </div>
 </body>
</html>
