2498 4254
89 78 159 240 η’,
318 218 322 229 ,
411 98 823 235 ouant-:uis

113 311 352 396 corumpant‚
381 304 544 376 evenire
593 292 654 374 De
672 294 727 374 his
750 314 844 375 vero
863 319 940 395 quae
958 323 978 375 a
1002 299 1151 383 diversts

87 330 265 499 ipititibus
288 403 434 495 aimae,
472 398 510 475 id
535 392 587 473 est
604 398 764 475 humana
788 402 1002 499 cogitationi
1029 403 1152 503 sugge-

88 518 238 598 runtur,
272 524 347 594 quae
368 504 430 575 vel
453 502 497 575 ad
518 501 641 595 bona,
667 503 729 575 vel
747 500 792 573 ad
816 504 997 575 contraria
1009 525 1152 597 provo·

13 668 15 673 .
90 618 196 696 cent,
232 602 409 677 interdum
436 602 540 675 etiam
555 600 592 673 in
611 602 684 675 hoc
706 599 855 675 existere
873 602 1030 692 quaedam
1052 620 1154 679 ante-

88 705 203 777 riores
226 720 412 796 corporeae
434 700 632 773 nativitatis
646 699 757 773 causae
772 701 936 793 putandae
952 700 1044 776 sunt.
1093 704 1151 777 ln·

86 802 230 887 terdum
249 821 339 873 vero
356 801 506 896 vigilans
520 821 645 891 mens,
672 798 883 891 &abjiciens
900 798 965 873 ase
983 822 1061 892 quae
1077 825 1153 881 ma-

86 901 123 974 la
141 898 249 991 sunt,
274 900 456 973 bonorum
479 896 579 971 adse
602 899 817 991 adjutorium
835 914 1050 991 provocat:
1083 904 1149 975 vel

88 999 295 1073 econtrario
307 1002 488 1095 negligens
500 998 535 1070 &
548 999 701 1092 ignava,
727 1000 810 1071 dunt
827 1001 942 1071 minus
960 1013 1064 1071 cauta
1082 1000 1148 1094 est,

86 1100 211 1172 locum
225 1097 285 1169 dat
301 1098 355 1170 his
370 1097 547 1190 spiritibus
565 1099 624 1188 qui
640 1100 744 1169 velut
754 1098 913 1169 latrones
933 1119 978 1169 ex
995 1102 1148 1171 occulto

85 1198 315 1290 insidiantes,
346 1199 482 1269 irruere
499 1197 668 1269 humanas
683 1211 820 1269 mentes
839 1217 919 1268 cum
939 1198 1063 1271 locum
1082 1200 1146 1272 s1bi

87 1296 209 1373 datum
226 1316 291 1389 per
310 1293 490 1391 segnitiem
511 1296 694 1391 viderint,
726 1297 952 1390 moliuntur,
985 1296 1076 1370 ficut
1096 1299 1149 1371 ait

86 1392 214 1489 ljetrus
238 1392 419 1487 apostolus
445 1394 526 1487 quia
547 1396 749 1484 adverfiarius
775 1398 875 1492 noster
901 1395 1040 1465 diabolus
1067 1414 1145 1468 ton-

83 1519 177 1592 guam
192 1498 236 1564 leo
249 1506 375 1587 rugiens
390 1502 528 1582 circuit,
554 1519 800 1592 quorumquam
815 1498 942 1566 devoret
986 1494 1144 1589 Propter

85 1592 187 1767 guod
203 1594 259 1667 die
271 1593 453 1686 noituque
470 1614 535 1667 cor
549 1591 709 1667 nostrum
724 1594 822 1667 omni
832 1592 990 1667 custodia
1001 1593 1144 1669 servan·

111 1715 172 1767 um
186 1692 258 1785 est,
285 1694 431 1781 &locus
446 1715 522 1767 non
538 1693 589 1767 est
603 1693 737 1765 dandus
754 1694 922 1785 diabolo,
947 1692 1008 1765 sed
1022 1694 1143 1767 omnia

86 1792 223 1889 agenda
236 1792 316 1867 sunt
336 1796 462 1886 quibus
475 1792 623 1867 ministri
637 1793 736 1886 Dei,
762 1794 800 1867 hi
815 1793 986 1885 videiicet
1000 1790 1141 1888 spiritus

86 1894 148 1985 qui
161 1893 206 1967 ad
221 1892 450 1969 ministerium
469 1894 552 1969 missi
571 1891 652 1965 sunt
672 1914 797 1967 eorum
819 1893 878 1985 qui
890 1892 1140 1969 *laaereditatem

85 1992 205 2067 salutis
226 1992 464 2089 vocatisunt,
490 1994 676 2073 inveniant
689 1993 726 2064 in
742 1993 846 2065 nobis
862 1993 1009 2085 iocum,
1037 1992 1072 2064 δι
1084 1993 1141 2065 de·

85 2090 262 2167 leuentur
276 2093 414 2188 ingredi
426 2091 617 2185 hospitium
627 2092 748 2163 animae
760 2091 908 2185 nosttae,
936 2091 1143 2165 &habitan-

85 2198 141 2275 tes
158 2191 250 2286 apud
265 2212 333 2263 nos
353 2192 587 2275 confiliispos
606 2204 752 2285 regant:
777 2191 802 2263 fi
821 2205 938 2277 tamen
959 2192 1142 2289 habitacu-

83 2290 158 2363 lum
179 2289 298 2362 cordis
314 2291 425 2364 nostri
448 2291 593 2362 virtutis
617 2288 856 2363 &sanititatis
876 2292 975 2361 cultu
992 2293 1140 2364 invene·

83 2389 158 2461 rint
180 2402 403 2465 exornatum.
461 2389 601 2463 Verum
622 2386 793 2461 sufficiant
819 2388 975 2485 ista-pro
1000 2393 1138 2463 vitibus

83 2486 213 2562 nostris
232 2486 372 2562 disserta
389 2512 409 2563 a
426 2490 531 2563 nobis
547 2490 592 2563 de
608 2490 662 2573 his
680 2489 875 2562 virtutibus
887 2511 964 2581 quae
980 2489 1138 2564 humano

84 2589 207 2687 generi
225 2587 463 2665 adversantur.
1039 2611 1044 2629 ·

330 2822 333 2827 ·
416 2787 684 2866 CAPUT
731 2790 806 2866 IV.

350 2946 402 3021 De
439 2943 590 3013 humanis
625 2940 868 3014 tentationibus.

88 3115 121 3171 1.
209 3115 281 3168 unc
299 3115 346 3167 ue
367 3091 411 3166 de
428 3091 588 3165 humanis
605 3091 746 3184 quidem
761 3088 1022 3165 tentationibus
1038 3090 1135 3164 filen-

260 3194 474 3286 dum-poto,
501 3214 577 3284 quae
593 3191 783 3265 nascuntur
802 3190 980 3263 interdum
999 3212 1046 3262 ex
1062 3212 1134 3263 car·

84 3311 131 3367 ne
151 3292 388 3391 &sanguine,
416 3296 477 3365 vel
496 3314 541 3365 ex
561 3293 749 3384 prudentia
767 3292 880 3363 carnis
904 3288 939 3363 δι
962 3287 1135 3385 sanguinis

84 3412 163 3482 quae
182 3392 267 3467 Deo
291 3393 419 3481 dicitur
440 3390 509 3465 effe
530 3392 682 3465 inimica.
739 3390 789 3463 Et
807 3404 927 3462 utrum
946 3407 1074 3463 verum
1094 3390 1136 3463 stt

85 3491 340 3584 quodquidam
357 3492 481 3565 dicunt
495 3492 587 3582 quast
599 3492 699 3564 binas
716 3492 845 3564 animas
858 3487 927 3562 effe
940 3510 1005 3580 per
1024 3488 1149 3587 singu·

82 3590 162 3682 los,
198 3590 425 3683 posteaquam
450 3591 570 3664 dehis
596 3590 856 3667 tentationibus
884 3586 1133 3683 exposuimus,

83 3710 161 3781 quae
177 3691 257 3784 plus
273 3711 376 3781 quam
390 3680 550 3764 huma'nae
569 3689 757 3785 dicuntur,
783 3691 820 3763 id
838 3688 888 3762 est
906 3708 991 3779 quas
1008 3689 1134 3763 adver-

76 3786 152 3876 stim
172 3787 422 3887 principatus,
451 3781 719 3887 &potestates,
745 3791 780 3865 δι
803 3786 989 3865 aduersum
1011 3789 1132 3865 mundi

977 3892 1083 3983 hujus
