<?xml version="1.0" encoding="UTF-8"?>
<!DOCTYPE html PUBLIC "-//W3C//DTD XHTML 1.0 Transitional//EN"
    "http://www.w3.org/TR/xhtml1/DTD/xhtml1-transitional.dtd">
<html xmlns="http://www.w3.org/1999/xhtml" xml:lang="en" lang="en">
 <head>
  <title>
</title>
<meta http-equiv="Content-Type" content="text/html;charset=utf-8" />
  <meta name='ocr-system' content='tesseract 3.04.00' />
  <meta name='ocr-capabilities' content='ocr_page ocr_carea ocr_par ocr_line ocrx_word'/>
</head>
<body>
  <div class='ocr_page' id='page_1' title='image "./operaomniasanct08unkngoog_0733.png"; bbox 0 0 2498 4254; ppageno 0'>
   <div class='ocr_carea' id='block_1_1' title="bbox 60 54 1215 375">
    <p class='ocr_par' dir='ltr' id='par_1_1' title="bbox 60 54 1215 375">
     <span class='ocr_line' id='line_1_1' title="bbox 222 54 1215 231; baseline 0.002 -39"><span class='ocrx_word' id='word_1_1' title='bbox 222 114 323 231; x_wconf 73' lang='lat' dir='ltr'>nm</span> <span class='ocrx_word' id='word_1_2' title='bbox 373 62 906 195; x_wconf 56' lang='lat' dir='ltr'>nnnr‘v&#39;nrurr.</span> <span class='ocrx_word' id='word_1_3' title='bbox 1016 76 1092 219; x_wconf 73' lang='lat' dir='ltr'>oo,</span> <span class='ocrx_word' id='word_1_4' title='bbox 1205 54 1215 77; x_wconf 22' lang='grc' dir='ltr'><strong>Χ</strong></span> 
     </span>
     <span class='ocr_line' id='line_1_2' title="bbox 60 264 1092 375; baseline -0.003 -17"><span class='ocrx_word' id='word_1_5' title='bbox 60 282 131 359; x_wconf 89' lang='lat' dir='ltr'>nim</span> <span class='ocrx_word' id='word_1_6' title='bbox 154 299 231 375; x_wconf 83' lang='lat' dir='ltr'>ope</span> <span class='ocrx_word' id='word_1_7' title='bbox 255 278 348 352; x_wconf 86' lang='lat' dir='ltr'>mala</span> <span class='ocrx_word' id='word_1_8' title='bbox 372 276 774 352; x_wconf 85' lang='lat' dir='ltr'>videntur&#39;hominibus</span> <span class='ocrx_word' id='word_1_9' title='bbox 801 264 936 355; x_wconf 77' lang='lat' dir='ltr'>ibferre</span> <span class='ocrx_word' id='word_1_10' title='bbox 962 281 997 355; x_wconf 81' lang='lat' dir='ltr'>dr</span> <span class='ocrx_word' id='word_1_11' title='bbox 1022 282 1092 355; x_wconf 86' lang='lat' dir='ltr'>dae·</span> 
     </span>
    </p>
   </div>
   <div class='ocr_carea' id='block_1_2' title="bbox 60 375 1197 473">
    <p class='ocr_par' dir='ltr' id='par_1_2' title="bbox 60 375 1197 473">
     <span class='ocr_line' id='line_1_3' title="bbox 60 375 1197 473; baseline 0 -17"><span class='ocrx_word' id='word_1_12' title='bbox 60 402 182 472; x_wconf 73' lang='lat' dir='ltr'>iones,</span> <span class='ocrx_word' id='word_1_13' title='bbox 208 378 325 469; x_wconf 88' lang='lat' dir='ltr'>&amp;qui</span> <span class='ocrx_word' id='word_1_14' title='bbox 353 398 418 451; x_wconf 84' lang='lat' dir='ltr'>eos</span> <span class='ocrx_word' id='word_1_15' title='bbox 442 379 480 449; x_wconf 91' lang='lat' dir='ltr'>in</span> <span class='ocrx_word' id='word_1_16' title='bbox 507 390 600 452; x_wconf 86' lang='lat' dir='ltr'>terra</span> <span class='ocrx_word' id='word_1_17' title='bbox 625 375 814 466; x_wconf 83' lang='lat' dir='ltr'>detinent,</span> <span class='ocrx_word' id='word_1_18' title='bbox 846 400 928 455; x_wconf 91' lang='lat' dir='ltr'>cum</span> <span class='ocrx_word' id='word_1_19' title='bbox 955 384 1091 473; x_wconf 84' lang='lat' dir='ltr'>absque</span> <span class='ocrx_word' id='word_1_20' title='bbox 1194 463 1197 467; x_wconf 55' lang='grc'><em>,</em></span> 
     </span>
    </p>
   </div>
   <div class='ocr_carea' id='block_1_3' title="bbox 60 478 1091 674">
    <p class='ocr_par' dir='ltr' id='par_1_3' title="bbox 60 478 1091 674">
     <span class='ocr_line' id='line_1_4' title="bbox 60 478 1091 572; baseline 0.001 -18"><span class='ocrx_word' id='word_1_21' title='bbox 60 480 203 555; x_wconf 82' lang='lat' dir='ltr'>rffitibus</span> <span class='ocrx_word' id='word_1_22' title='bbox 229 479 263 552; x_wconf 83' lang='lat' dir='ltr'>dr</span> <span class='ocrx_word' id='word_1_23' title='bbox 286 478 517 550; x_wconf 82' lang='lat' dir='ltr'>nutrimentis</span> <span class='ocrx_word' id='word_1_24' title='bbox 531 497 609 568; x_wconf 81' lang='lat' dir='ltr'>quae</span> <span class='ocrx_word' id='word_1_25' title='bbox 626 495 752 549; x_wconf 89' lang='lat' dir='ltr'>eorum</span> <span class='ocrx_word' id='word_1_26' title='bbox 772 481 986 572; x_wconf 86' lang='lat' dir='ltr'>corporibus</span> <span class='ocrx_word' id='word_1_27' title='bbox 1002 496 1091 555; x_wconf 86' lang='lat' dir='ltr'>con·</span> 
     </span>
     <span class='ocr_line' id='line_1_5' title="bbox 60 572 823 674; baseline -0.003 -21"><span class='ocrx_word' id='word_1_28' title='bbox 60 598 116 654; x_wconf 76' lang='lat' dir='ltr'>:ua</span> <span class='ocrx_word' id='word_1_29' title='bbox 137 591 345 674; x_wconf 71' lang='lat' dir='ltr'>putantur,-</span> <span class='ocrx_word' id='word_1_30' title='bbox 358 572 539 649; x_wconf 85' lang='lat' dir='ltr'>subiistere</span> <span class='ocrx_word' id='word_1_31' title='bbox 565 595 643 649; x_wconf 90' lang='lat' dir='ltr'>non</span> <span class='ocrx_word' id='word_1_32' title='bbox 668 574 823 671; x_wconf 83' lang='lat' dir='ltr'>poffent.</span> 
     </span>
    </p>
   </div>
   <div class='ocr_carea' id='block_1_4' title="bbox 104 748 1088 866">
    <p class='ocr_par' dir='ltr' id='par_1_4' title="bbox 104 748 1088 866">
     <span class='ocr_line' id='line_1_6' title="bbox 104 748 1088 866; baseline 0.008 -20"><span class='ocrx_word' id='word_1_33' title='bbox 104 778 164 866; x_wconf 78' lang='lat'>46.</span> <span class='ocrx_word' id='word_1_34' title='bbox 189 748 339 848; x_wconf 75' lang='lat' dir='ltr'>Rursum</span> <span class='ocrx_word' id='word_1_35' title='bbox 364 770 472 865; x_wconf 83' lang='lat' dir='ltr'>aliqui</span> <span class='ocrx_word' id='word_1_36' title='bbox 498 769 739 849; x_wconf 80' lang='lat' dir='ltr'>existimantes</span> <span class='ocrx_word' id='word_1_37' title='bbox 764 773 913 850; x_wconf 82' lang='lat' dir='ltr'>nomina</span> <span class='ocrx_word' id='word_1_38' title='bbox 944 799 989 852; x_wconf 88' lang='lat' dir='ltr'>ex</span> <span class='ocrx_word' id='word_1_39' title='bbox 1020 777 1088 853; x_wconf 91' lang='lat' dir='ltr'>ho·</span> 
     </span>
    </p>
   </div>
   <div class='ocr_carea' id='block_1_5' title="bbox 60 866 1187 2259">
    <p class='ocr_par' dir='ltr' id='par_1_5' title="bbox 60 866 1187 2259">
     <span class='ocr_line' id='line_1_7' title="bbox 63 866 1179 975; baseline 0.003 -26"><span class='ocrx_word' id='word_1_40' title='bbox 63 877 165 949; x_wconf 89' lang='lat' dir='ltr'>inum</span> <span class='ocrx_word' id='word_1_41' title='bbox 189 871 354 947; x_wconf 88' lang='lat' dir='ltr'>instituto</span> <span class='ocrx_word' id='word_1_42' title='bbox 382 872 475 966; x_wconf 82' lang='lat' dir='ltr'>effe,</span> <span class='ocrx_word' id='word_1_43' title='bbox 507 888 577 947; x_wconf 89' lang='lat' dir='ltr'>nec</span> <span class='ocrx_word' id='word_1_44' title='bbox 603 876 710 949; x_wconf 82' lang='lat' dir='ltr'>uliam</span> <span class='ocrx_word' id='word_1_45' title='bbox 734 889 862 948; x_wconf 88' lang='lat' dir='ltr'>natura</span> <span class='ocrx_word' id='word_1_46' title='bbox 887 883 1089 975; x_wconf 82' lang='lat' dir='ltr'>connexio·</span> <span class='ocrx_word' id='word_1_47' title='bbox 1176 866 1179 881; x_wconf 84' lang='lat'>&#39;</span> 
     </span>
     <span class='ocr_line' id='line_1_8' title="bbox 60 973 1187 1068; baseline -0.004 -17"><span class='ocrx_word' id='word_1_48' title='bbox 60 995 115 1051; x_wconf 83' lang='lat' dir='ltr'>em</span> <span class='ocrx_word' id='word_1_49' title='bbox 146 973 280 1046; x_wconf 88' lang='lat' dir='ltr'>habere</span> <span class='ocrx_word' id='word_1_50' title='bbox 313 994 395 1048; x_wconf 92' lang='lat' dir='ltr'>cum</span> <span class='ocrx_word' id='word_1_51' title='bbox 426 975 469 1045; x_wconf 82' lang='lat' dir='ltr'>iis</span> <span class='ocrx_word' id='word_1_52' title='bbox 504 992 658 1067; x_wconf 87' lang='lat' dir='ltr'>quorum</span> <span class='ocrx_word' id='word_1_53' title='bbox 683 976 832 1051; x_wconf 87' lang='lat' dir='ltr'>nomina</span> <span class='ocrx_word' id='word_1_54' title='bbox 858 974 960 1068; x_wconf 89' lang='lat' dir='ltr'>sunt,</span> <span class='ocrx_word' id='word_1_55' title='bbox 995 980 1089 1055; x_wconf 88' lang='lat' dir='ltr'>nihil</span> <span class='ocrx_word' id='word_1_56' title='bbox 1184 1040 1187 1047; x_wconf 91' lang='grc'><em>,</em></span> 
     </span>
     <span class='ocr_line' id='line_1_9' title="bbox 60 1072 1087 1171; baseline 0.004 -22"><span class='ocrx_word' id='word_1_57' title='bbox 60 1085 161 1149; x_wconf 73' lang='lat' dir='ltr'>itant</span> <span class='ocrx_word' id='word_1_58' title='bbox 195 1072 362 1147; x_wconf 81' lang='lat' dir='ltr'>intereffe</span> <span class='ocrx_word' id='word_1_59' title='bbox 403 1093 447 1146; x_wconf 85' lang='lat' dir='ltr'>an</span> <span class='ocrx_word' id='word_1_60' title='bbox 484 1074 580 1147; x_wconf 74' lang='lat' dir='ltr'>dicit</span> <span class='ocrx_word' id='word_1_61' title='bbox 616 1073 767 1166; x_wconf 81' lang='lat' dir='ltr'>aliquis:</span> <span class='ocrx_word' id='word_1_62' title='bbox 806 1075 894 1147; x_wconf 92' lang='lat' dir='ltr'>colo</span> <span class='ocrx_word' id='word_1_63' title='bbox 932 1078 1087 1171; x_wconf 85' lang='lat' dir='ltr'>primum</span> 
     </span>
     <span class='ocr_line' id='line_1_10' title="bbox 65 1172 1088 1267; baseline 0.005 -21"><span class='ocrx_word' id='word_1_64' title='bbox 65 1194 172 1267; x_wconf 85' lang='lat' dir='ltr'>¹eum,</span> <span class='ocrx_word' id='word_1_65' title='bbox 198 1187 259 1245; x_wconf 88' lang='lat' dir='ltr'>aut</span> <span class='ocrx_word' id='word_1_66' title='bbox 285 1172 378 1267; x_wconf 83' lang='lat' dir='ltr'>Dia,</span> <span class='ocrx_word' id='word_1_67' title='bbox 403 1186 465 1246; x_wconf 89' lang='lat' dir='ltr'>aut</span> <span class='ocrx_word' id='word_1_68' title='bbox 487 1173 644 1267; x_wconf 77' lang='lat' dir='ltr'>Jovem3</span> <span class='ocrx_word' id='word_1_69' title='bbox 674 1190 723 1245; x_wconf 79' lang='lat' dir='ltr'>an</span> <span class='ocrx_word' id='word_1_70' title='bbox 749 1175 857 1247; x_wconf 87' lang='lat' dir='ltr'>etiam</span> <span class='ocrx_word' id='word_1_71' title='bbox 881 1174 994 1249; x_wconf 81' lang='lat' dir='ltr'>dicat:</span> <span class='ocrx_word' id='word_1_72' title='bbox 1019 1175 1088 1251; x_wconf 87' lang='lat' dir='ltr'>sus·</span> 
     </span>
     <span class='ocr_line' id='line_1_11' title="bbox 60 1270 1148 1369; baseline 0.008 -23"><span class='ocrx_word' id='word_1_73' title='bbox 60 1277 127 1369; x_wconf 88' lang='lat' dir='ltr'>pio</span> <span class='ocrx_word' id='word_1_74' title='bbox 154 1272 188 1346; x_wconf 90' lang='lat'>&amp;</span> <span class='ocrx_word' id='word_1_75' title='bbox 219 1272 380 1346; x_wconf 82' lang='lat' dir='ltr'>venoro&#39;r</span> <span class='ocrx_word' id='word_1_76' title='bbox 404 1270 516 1346; x_wconf 82' lang='lat' dir='ltr'>solem</span> <span class='ocrx_word' id='word_1_77' title='bbox 542 1286 605 1345; x_wconf 89' lang='lat' dir='ltr'>aut</span> <span class='ocrx_word' id='word_1_78' title='bbox 635 1271 870 1366; x_wconf 84' lang='lat' dir='ltr'>Apollinem,</span> <span class='ocrx_word' id='word_1_79' title='bbox 905 1272 1086 1351; x_wconf 86' lang='lat' dir='ltr'>&amp;lunam</span> <span class='ocrx_word' id='word_1_80' title='bbox 1146 1349 1148 1355; x_wconf 89' lang='lat'><em>.</em></span> 
     </span>
     <span class='ocr_line' id='line_1_12' title="bbox 60 1369 1086 1467; baseline 0.002 -21"><span class='ocrx_word' id='word_1_81' title='bbox 60 1387 90 1446; x_wconf 89' lang='lat' dir='ltr'>rt</span> <span class='ocrx_word' id='word_1_82' title='bbox 104 1372 275 1463; x_wconf 83' lang='lat' dir='ltr'>Dianam,</span> <span class='ocrx_word' id='word_1_83' title='bbox 302 1372 337 1444; x_wconf 77' lang='lat' dir='ltr'>dr</span> <span class='ocrx_word' id='word_1_84' title='bbox 353 1369 511 1466; x_wconf 89' lang='lat' dir='ltr'>spiritum</span> <span class='ocrx_word' id='word_1_85' title='bbox 528 1373 638 1464; x_wconf 88' lang='lat' dir='ltr'>quiin</span> <span class='ocrx_word' id='word_1_86' title='bbox 651 1385 747 1453; x_wconf 81' lang='lat' dir='ltr'>terra</span> <span class='ocrx_word' id='word_1_87' title='bbox 766 1374 996 1467; x_wconf 87' lang='lat' dir='ltr'>continetur,</span> <span class='ocrx_word' id='word_1_88' title='bbox 1022 1388 1086 1448; x_wconf 85' lang='lat' dir='ltr'>aut</span> 
     </span>
     <span class='ocr_line' id='line_1_13' title="bbox 60 1468 1086 1565; baseline 0.001 -19"><span class='ocrx_word' id='word_1_89' title='bbox 60 1492 216 1565; x_wconf 75' lang='lat' dir='ltr'>merem,</span> <span class='ocrx_word' id='word_1_90' title='bbox 243 1470 277 1543; x_wconf 77' lang='lat' dir='ltr'>dr</span> <span class='ocrx_word' id='word_1_91' title='bbox 302 1491 535 1564; x_wconf 76' lang='lat' dir='ltr'>quaecumque</span> <span class='ocrx_word' id='word_1_92' title='bbox 560 1474 628 1544; x_wconf 80' lang='lat' dir='ltr'>alia</span> <span class='ocrx_word' id='word_1_93' title='bbox 647 1471 781 1545; x_wconf 85' lang='lat' dir='ltr'>dicunt</span> <span class='ocrx_word' id='word_1_94' title='bbox 802 1468 1012 1547; x_wconf 86' lang='lat' dir='ltr'>Graecorum</span> <span class='ocrx_word' id='word_1_95' title='bbox 1036 1474 1086 1548; x_wconf 89' lang='lat' dir='ltr'>sa·</span> 
     </span>
     <span class='ocr_line' id='line_1_14' title="bbox 63 1567 1085 1666; baseline 0 -20"><span class='ocrx_word' id='word_1_96' title='bbox 63 1586 181 1647; x_wconf 85' lang='lat' dir='ltr'>entes.</span> <span class='ocrx_word' id='word_1_97' title='bbox 234 1572 376 1666; x_wconf 79' lang='lat' dir='ltr'>Quibus</span> <span class='ocrx_word' id='word_1_98' title='bbox 401 1569 592 1645; x_wconf 88' lang='lat' dir='ltr'>dicendum</span> <span class='ocrx_word' id='word_1_99' title='bbox 617 1569 690 1664; x_wconf 89' lang='lat' dir='ltr'>est,</span> <span class='ocrx_word' id='word_1_100' title='bbox 722 1567 910 1645; x_wconf 86' lang='lat' dir='ltr'>abstrusam</span> <span class='ocrx_word' id='word_1_101' title='bbox 944 1570 1016 1649; x_wconf 84' lang='lat' dir='ltr'>effe</span> <span class='ocrx_word' id='word_1_102' title='bbox 1040 1594 1085 1646; x_wconf 89' lang='lat' dir='ltr'>ac</span> 
     </span>
     <span class='ocr_line' id='line_1_15' title="bbox 62 1669 1085 1765; baseline 0.001 -20"><span class='ocrx_word' id='word_1_103' title='bbox 62 1673 250 1753; x_wconf 87' lang='lat' dir='ltr'>conditam</span> <span class='ocrx_word' id='word_1_104' title='bbox 275 1670 320 1745; x_wconf 92' lang='lat' dir='ltr'>de</span> <span class='ocrx_word' id='word_1_105' title='bbox 345 1671 553 1745; x_wconf 82' lang='lat' dir='ltr'>nominibus</span> <span class='ocrx_word' id='word_1_106' title='bbox 578 1669 877 1763; x_wconf 84' lang='lat' dir='ltr'>disputationem,</span> <span class='ocrx_word' id='word_1_107' title='bbox 903 1673 1085 1765; x_wconf 88' lang='lat' dir='ltr'>quamqui</span> 
     </span>
     <span class='ocr_line' id='line_1_16' title="bbox 61 1767 1084 1862; baseline 0.002 -19"><span class='ocrx_word' id='word_1_108' title='bbox 61 1773 264 1861; x_wconf 66' lang='lat' dir='ltr'>tollerent,</span> <span class='ocrx_word' id='word_1_109' title='bbox 298 1769 462 1862; x_wconf 90' lang='lat' dir='ltr'>videbit,</span> <span class='ocrx_word' id='word_1_110' title='bbox 499 1767 524 1841; x_wconf 87' lang='lat' dir='ltr'>fi</span> <span class='ocrx_word' id='word_1_111' title='bbox 555 1789 600 1841; x_wconf 84' lang='lat' dir='ltr'>ex</span> <span class='ocrx_word' id='word_1_112' title='bbox 629 1767 794 1843; x_wconf 88' lang='lat' dir='ltr'>instituto</span> <span class='ocrx_word' id='word_1_113' title='bbox 820 1767 934 1843; x_wconf 82' lang='lat' dir='ltr'>ess‘ent</span> <span class='ocrx_word' id='word_1_114' title='bbox 965 1774 1084 1845; x_wconf 91' lang='lat' dir='ltr'>nomi·</span> 
     </span>
     <span class='ocr_line' id='line_1_17' title="bbox 60 1866 1083 1961; baseline 0.001 -18"><span class='ocrx_word' id='word_1_115' title='bbox 60 1894 94 1961; x_wconf 85' lang='lat' dir='ltr'>r,</span> <span class='ocrx_word' id='word_1_116' title='bbox 119 1889 300 1960; x_wconf 89' lang='lat' dir='ltr'>nunquam</span> <span class='ocrx_word' id='word_1_117' title='bbox 326 1867 487 1943; x_wconf 88' lang='lat' dir='ltr'>futurum</span> <span class='ocrx_word' id='word_1_118' title='bbox 513 1866 612 1940; x_wconf 83' lang='lat' dir='ltr'>fuiffe</span> <span class='ocrx_word' id='word_1_119' title='bbox 647 1868 777 1960; x_wconf 88' lang='lat' dir='ltr'>utqui</span> <span class='ocrx_word' id='word_1_120' title='bbox 806 1883 990 1942; x_wconf 88' lang='lat' dir='ltr'>vocantur</span> <span class='ocrx_word' id='word_1_121' title='bbox 1014 1871 1083 1944; x_wconf 83' lang='lat' dir='ltr'>dae·</span> 
     </span>
     <span class='ocr_line' id='line_1_18' title="bbox 63 1966 1082 2064; baseline 0 -22"><span class='ocrx_word' id='word_1_122' title='bbox 63 1988 156 2042; x_wconf 87' lang='lat' dir='ltr'>ones</span> <span class='ocrx_word' id='word_1_123' title='bbox 181 1970 328 2058; x_wconf 84' lang='lat' dir='ltr'>aliaeque</span> <span class='ocrx_word' id='word_1_124' title='bbox 353 1969 461 2040; x_wconf 88' lang='lat' dir='ltr'>nobis</span> <span class='ocrx_word' id='word_1_125' title='bbox 476 1966 669 2040; x_wconf 72' lang='lat' dir='ltr'>invisibiles</span> <span class='ocrx_word' id='word_1_126' title='bbox 696 1969 848 2041; x_wconf 88' lang='lat' dir='ltr'>virtutes</span> <span class='ocrx_word' id='word_1_127' title='bbox 874 1970 1082 2064; x_wconf 86' lang='lat' dir='ltr'>obedirent,</span> 
     </span>
     <span class='ocr_line' id='line_1_19' title="bbox 60 2067 1083 2165; baseline -0.001 -22"><span class='ocrx_word' id='word_1_128' title='bbox 60 2090 109 2143; x_wconf 89' lang='lat' dir='ltr'>nn</span> <span class='ocrx_word' id='word_1_129' title='bbox 133 2070 354 2140; x_wconf 84' lang='lat' dir='ltr'>invocantur</span> <span class='ocrx_word' id='word_1_130' title='bbox 379 2068 459 2139; x_wconf 88' lang='lat' dir='ltr'>ab</span> <span class='ocrx_word' id='word_1_131' title='bbox 449 2067 491 2139; x_wconf 87' lang='lat' dir='ltr'>ris</span> <span class='ocrx_word' id='word_1_132' title='bbox 517 2068 577 2158; x_wconf 91' lang='lat' dir='ltr'>qui</span> <span class='ocrx_word' id='word_1_133' title='bbox 611 2068 699 2141; x_wconf 89' lang='lat' dir='ltr'>licet</span> <span class='ocrx_word' id='word_1_134' title='bbox 723 2069 806 2139; x_wconf 77' lang='lat' dir='ltr'>illos</span> <span class='ocrx_word' id='word_1_135' title='bbox 839 2087 917 2139; x_wconf 91' lang='lat' dir='ltr'>non</span> <span class='ocrx_word' id='word_1_136' title='bbox 941 2087 1083 2165; x_wconf 83' lang='lat' dir='ltr'>cogno·</span> 
     </span>
     <span class='ocr_line' id='line_1_20' title="bbox 60 2163 1083 2259; baseline 0 -18"><span class='ocrx_word' id='word_1_137' title='bbox 60 2180 143 2259; x_wconf 85' lang='lat' dir='ltr'>ant,</span> <span class='ocrx_word' id='word_1_138' title='bbox 168 2168 359 2242; x_wconf 88' lang='lat' dir='ltr'>nominant</span> <span class='ocrx_word' id='word_1_139' title='bbox 384 2179 525 2258; x_wconf 89' lang='lat' dir='ltr'>tamen,</span> <span class='ocrx_word' id='word_1_140' title='bbox 551 2175 593 2236; x_wconf 87' lang='lat' dir='ltr'>ut</span> <span class='ocrx_word' id='word_1_141' title='bbox 618 2185 664 2238; x_wconf 87' lang='lat' dir='ltr'>ex</span> <span class='ocrx_word' id='word_1_142' title='bbox 686 2163 850 2239; x_wconf 91' lang='lat' dir='ltr'>instituto</span> <span class='ocrx_word' id='word_1_143' title='bbox 875 2166 999 2259; x_wconf 83' lang='lat' dir='ltr'>poiitis</span> <span class='ocrx_word' id='word_1_144' title='bbox 1016 2188 1083 2241; x_wconf 84' lang='lat' dir='ltr'>no·</span> 
     </span>
    </p>
   </div>
   <div class='ocr_carea' id='block_1_6' title="bbox 60 2263 1198 2459">
    <p class='ocr_par' dir='ltr' id='par_1_6' title="bbox 60 2263 1198 2459">
     <span class='ocr_line' id='line_1_21' title="bbox 60 2263 1198 2359; baseline 0 -20"><span class='ocrx_word' id='word_1_145' title='bbox 60 2268 189 2340; x_wconf 88' lang='lat' dir='ltr'>inibus</span> <span class='ocrx_word' id='word_1_146' title='bbox 242 2266 354 2339; x_wconf 90' lang='lat' dir='ltr'>Nunc</span> <span class='ocrx_word' id='word_1_147' title='bbox 381 2278 501 2339; x_wconf 89' lang='lat' dir='ltr'>autem</span> <span class='ocrx_word' id='word_1_148' title='bbox 526 2263 604 2337; x_wconf 87' lang='lat' dir='ltr'>soni</span> <span class='ocrx_word' id='word_1_149' title='bbox 630 2266 772 2357; x_wconf 83' lang='lat' dir='ltr'>quidam</span> <span class='ocrx_word' id='word_1_150' title='bbox 793 2264 828 2336; x_wconf 79' lang='lat' dir='ltr'>dt</span> <span class='ocrx_word' id='word_1_151' title='bbox 853 2266 1020 2359; x_wconf 84' lang='lat' dir='ltr'>syllabae,</span> <span class='ocrx_word' id='word_1_152' title='bbox 1045 2266 1081 2339; x_wconf 84' lang='lat' dir='ltr'>dr</span> <span class='ocrx_word' id='word_1_153' title='bbox 1195 2282 1198 2291; x_wconf 83' lang='grc'>’</span> 
     </span>
     <span class='ocr_line' id='line_1_22' title="bbox 60 2364 1187 2459; baseline 0 -20"><span class='ocrx_word' id='word_1_154' title='bbox 60 2385 107 2439; x_wconf 88' lang='lat' dir='ltr'>nn</span> <span class='ocrx_word' id='word_1_155' title='bbox 132 2364 368 2459; x_wconf 83' lang='lat' dir='ltr'>aspiratione,</span> <span class='ocrx_word' id='word_1_156' title='bbox 400 2368 462 2439; x_wconf 89' lang='lat' dir='ltr'>vel</span> <span class='ocrx_word' id='word_1_157' title='bbox 493 2364 674 2457; x_wconf 86' lang='lat' dir='ltr'>tenuiter,</span> <span class='ocrx_word' id='word_1_158' title='bbox 700 2367 769 2455; x_wconf 37' lang='lat' dir='ltr'>„vel</span> <span class='ocrx_word' id='word_1_159' title='bbox 794 2384 876 2437; x_wconf 89' lang='lat' dir='ltr'>cum</span> <span class='ocrx_word' id='word_1_160' title='bbox 903 2364 1081 2439; x_wconf 85' lang='lat' dir='ltr'>ertensso-</span> <span class='ocrx_word' id='word_1_161' title='bbox 1184 2398 1187 2405; x_wconf 89' lang='lat'><em>·</em></span> 
     </span>
    </p>
   </div>
   <div class='ocr_carea' id='block_1_7' title="bbox 60 2463 1149 3757">
    <p class='ocr_par' dir='ltr' id='par_1_7' title="bbox 60 2463 1149 3254">
     <span class='ocr_line' id='line_1_23' title="bbox 60 2463 1083 2557; baseline -0.003 -18"><span class='ocrx_word' id='word_1_162' title='bbox 60 2486 93 2554; x_wconf 82' lang='grc' dir='ltr'>ι,</span> <span class='ocrx_word' id='word_1_163' title='bbox 119 2466 182 2553; x_wconf 85' lang='lat' dir='ltr'>vel</span> <span class='ocrx_word' id='word_1_164' title='bbox 207 2463 457 2539; x_wconf 70' lang='lat' dir='ltr'>contrastione</span> <span class='ocrx_word' id='word_1_165' title='bbox 484 2465 627 2557; x_wconf 89' lang='lat' dir='ltr'>prolata</span> <span class='ocrx_word' id='word_1_166' title='bbox 651 2466 819 2556; x_wconf 86' lang='lat' dir='ltr'>nomina,</span> <span class='ocrx_word' id='word_1_167' title='bbox 846 2483 912 2536; x_wconf 88' lang='lat' dir='ltr'>eos</span> <span class='ocrx_word' id='word_1_168' title='bbox 938 2466 998 2556; x_wconf 92' lang='lat' dir='ltr'>qui</span> <span class='ocrx_word' id='word_1_169' title='bbox 1013 2485 1083 2538; x_wconf 91' lang='lat' dir='ltr'>vo·</span> 
     </span>
     <span class='ocr_line' id='line_1_24' title="bbox 60 2562 1079 2658; baseline -0.002 -19"><span class='ocrx_word' id='word_1_170' title='bbox 60 2577 174 2654; x_wconf 84' lang='lat' dir='ltr'>ntur,</span> <span class='ocrx_word' id='word_1_171' title='bbox 208 2565 329 2656; x_wconf 80' lang='lat' dir='ltr'>aliquo</span> <span class='ocrx_word' id='word_1_172' title='bbox 361 2562 506 2639; x_wconf 74' lang='lat' dir='ltr'>fortasse</span> <span class='ocrx_word' id='word_1_173' title='bbox 539 2564 646 2651; x_wconf 86' lang='lat' dir='ltr'>nobis</span> <span class='ocrx_word' id='word_1_174' title='bbox 676 2564 809 2658; x_wconf 82' lang='lat' dir='ltr'>ignoto</span> <span class='ocrx_word' id='word_1_175' title='bbox 837 2575 973 2637; x_wconf 85' lang='lat' dir='ltr'>naturae</span> <span class='ocrx_word' id='word_1_176' title='bbox 998 2566 1079 2638; x_wconf 90' lang='lat' dir='ltr'>vin-</span> 
     </span>
     <span class='ocr_line' id='line_1_25' title="bbox 60 2658 1080 2760; baseline -0.003 -22"><span class='ocrx_word' id='word_1_177' title='bbox 60 2666 108 2738; x_wconf 82' lang='lat' dir='ltr'>do</span> <span class='ocrx_word' id='word_1_178' title='bbox 141 2663 291 2740; x_wconf 86' lang='lat' dir='ltr'>ducunt.</span> <span class='ocrx_word' id='word_1_179' title='bbox 342 2666 455 2760; x_wconf 88' lang='lat' dir='ltr'>Quod</span> <span class='ocrx_word' id='word_1_180' title='bbox 488 2661 512 2735; x_wconf 86' lang='lat' dir='ltr'>sr</span> <span class='ocrx_word' id='word_1_181' title='bbox 538 2664 588 2736; x_wconf 89' lang='lat' dir='ltr'>ita</span> <span class='ocrx_word' id='word_1_182' title='bbox 615 2662 804 2747; x_wconf 87' lang='lat' dir='ltr'>sehabet,</span> <span class='ocrx_word' id='word_1_183' title='bbox 832 2658 867 2734; x_wconf 76' lang='lat' dir='ltr'>u</span> <span class='ocrx_word' id='word_1_184' title='bbox 894 2683 972 2735; x_wconf 88' lang='lat' dir='ltr'>non</span> <span class='ocrx_word' id='word_1_185' title='bbox 997 2662 1080 2736; x_wconf 89' lang='lat' dir='ltr'>sunt</span> 
     </span>
     <span class='ocr_line' id='line_1_26' title="bbox 60 2760 1080 2839; baseline 0 -4"><span class='ocrx_word' id='word_1_186' title='bbox 60 2785 65 2800; x_wconf 77' lang='grc'><strong>’</strong></span> <span class='ocrx_word' id='word_1_187' title='bbox 60 2760 264 2836; x_wconf 86' lang='lat' dir='ltr'>instituto</span> <span class='ocrx_word' id='word_1_188' title='bbox 300 2764 449 2837; x_wconf 89' lang='lat' dir='ltr'>nomina</span> <span class='ocrx_word' id='word_1_189' title='bbox 489 2760 591 2833; x_wconf 82' lang='lat' dir='ltr'>nulio</span> <span class='ocrx_word' id='word_1_190' title='bbox 628 2762 700 2834; x_wconf 83' lang='lat' dir='ltr'>alio</span> <span class='ocrx_word' id='word_1_191' title='bbox 739 2762 889 2834; x_wconf 88' lang='lat' dir='ltr'>nomine</span> <span class='ocrx_word' id='word_1_192' title='bbox 922 2760 1080 2839; x_wconf 81' lang='lat' dir='ltr'>summus</span> 
     </span>
     <span class='ocr_line' id='line_1_27' title="bbox 60 2856 1149 2956; baseline -0.004 -17"><span class='ocrx_word' id='word_1_193' title='bbox 60 2886 124 2938; x_wconf 87' lang='lat' dir='ltr'>eus</span> <span class='ocrx_word' id='word_1_194' title='bbox 139 2861 328 2937; x_wconf 87' lang='lat' dir='ltr'>vocandus</span> <span class='ocrx_word' id='word_1_195' title='bbox 353 2859 424 2956; x_wconf 85' lang='lat' dir='ltr'>est,</span> <span class='ocrx_word' id='word_1_196' title='bbox 450 2881 555 2953; x_wconf 85' lang='lat' dir='ltr'>quam</span> <span class='ocrx_word' id='word_1_197' title='bbox 581 2861 709 2952; x_wconf 84' lang='lat' dir='ltr'>quibus</span> <span class='ocrx_word' id='word_1_198' title='bbox 724 2856 913 2951; x_wconf 81' lang='lat' dir='ltr'>Famulus,</span> <span class='ocrx_word' id='word_1_199' title='bbox 939 2860 1149 2935; x_wconf 52' lang='lat' dir='ltr'>&amp;Pro-1</span> 
     </span>
     <span class='ocr_line' id='line_1_28' title="bbox 60 2957 1080 3058; baseline -0.007 -15"><span class='ocrx_word' id='word_1_200' title='bbox 60 2979 161 3058; x_wconf 80' lang='lat' dir='ltr'>tetre,</span> <span class='ocrx_word' id='word_1_201' title='bbox 186 2960 319 3054; x_wconf 89' lang='lat' dir='ltr'>&amp;ipse</span> <span class='ocrx_word' id='word_1_202' title='bbox 344 2963 518 3035; x_wconf 84' lang='lat' dir='ltr'>Servatur</span> <span class='ocrx_word' id='word_1_203' title='bbox 543 2979 584 3031; x_wconf 83' lang='lat' dir='ltr'>ac</span> <span class='ocrx_word' id='word_1_204' title='bbox 609 2959 791 3032; x_wconf 86' lang='lat' dir='ltr'>Dominus</span> <span class='ocrx_word' id='word_1_205' title='bbox 818 2957 944 3034; x_wconf 88' lang='lat' dir='ltr'>noster</span> <span class='ocrx_word' id='word_1_206' title='bbox 964 2960 1080 3055; x_wconf 87' lang='lat' dir='ltr'>ipsunt</span> 
     </span>
     <span class='ocr_line' id='line_1_29' title="bbox 60 3054 1080 3155; baseline -0.009 -14"><span class='ocrx_word' id='word_1_207' title='bbox 60 3065 236 3153; x_wconf 74' lang='lat' dir='ltr'>minant,</span> <span class='ocrx_word' id='word_1_208' title='bbox 270 3061 386 3133; x_wconf 92' lang='lat' dir='ltr'>veluti</span> <span class='ocrx_word' id='word_1_209' title='bbox 414 3060 599 3151; x_wconf 82' lang='lat' dir='ltr'>Sabaoth,</span> <span class='ocrx_word' id='word_1_210' title='bbox 636 3054 807 3148; x_wconf 85' lang='lat' dir='ltr'>Adonai,</span> <span class='ocrx_word' id='word_1_211' title='bbox 847 3056 999 3155; x_wconf 81' lang='lat' dir='ltr'>Saddai3</span> <span class='ocrx_word' id='word_1_212' title='bbox 1043 3060 1080 3132; x_wconf 85' lang='lat' dir='ltr'>dt</span> 
     </span>
     <span class='ocr_line' id='line_1_30' title="bbox 61 3156 1079 3254; baseline -0.007 -14"><span class='ocrx_word' id='word_1_213' title='bbox 61 3164 156 3241; x_wconf 82' lang='lat' dir='ltr'>rsus:</span> <span class='ocrx_word' id='word_1_214' title='bbox 180 3160 281 3234; x_wconf 85' lang='lat' dir='ltr'>Deus</span> <span class='ocrx_word' id='word_1_215' title='bbox 309 3159 517 3252; x_wconf 84' lang='lat' dir='ltr'>Abraham,</span> <span class='ocrx_word' id='word_1_216' title='bbox 550 3156 653 3231; x_wconf 88' lang='lat' dir='ltr'>Deus</span> <span class='ocrx_word' id='word_1_217' title='bbox 682 3156 799 3250; x_wconf 81' lang='lat' dir='ltr'>Isaac,</span> <span class='ocrx_word' id='word_1_218' title='bbox 832 3158 867 3230; x_wconf 78' lang='lat' dir='ltr'>dt</span> <span class='ocrx_word' id='word_1_219' title='bbox 893 3158 995 3233; x_wconf 79' lang='lat' dir='ltr'>Deus</span> <span class='ocrx_word' id='word_1_220' title='bbox 1021 3158 1079 3254; x_wconf 93' lang='lat' dir='ltr'>J</span> 
     </span>
    </p>

    <p class='ocr_par' dir='ltr' id='par_1_8' title="bbox 60 3256 1139 3757">
     <span class='ocr_line' id='line_1_31' title="bbox 60 3256 1079 3354; baseline -0.012 -16"><span class='ocrx_word' id='word_1_221' title='bbox 60 3269 105 3342; x_wconf 72' lang='lat' dir='ltr'>ab.</span> <span class='ocrx_word' id='word_1_222' title='bbox 157 3263 223 3335; x_wconf 85' lang='lat' dir='ltr'>Ait</span> <span class='ocrx_word' id='word_1_223' title='bbox 247 3261 362 3332; x_wconf 84' lang='lat' dir='ltr'>enim:</span> <span class='ocrx_word' id='word_1_224' title='bbox 391 3263 460 3331; x_wconf 84' lang='lat' dir='ltr'>Hoc</span> <span class='ocrx_word' id='word_1_225' title='bbox 481 3283 593 3329; x_wconf 82' lang='lat' dir='ltr'>nomen</span> <span class='ocrx_word' id='word_1_226' title='bbox 613 3258 697 3327; x_wconf 80' lang='lat' dir='ltr'>milti</span> <span class='ocrx_word' id='word_1_227' title='bbox 719 3256 794 3354; x_wconf 67' lang='lat' dir='ltr'>est</span> <span class='ocrx_word' id='word_1_228' title='bbox 781 3283 818 3328; x_wconf 88' lang='lat' dir='ltr'>m</span> <span class='ocrx_word' id='word_1_229' title='bbox 839 3275 1011 3346; x_wconf 76' lang='lat' dir='ltr'>aternum,</span> <span class='ocrx_word' id='word_1_230' title='bbox 1039 3268 1079 3334; x_wconf 66' lang='grc' dir='ltr'>δ’</span> 
     </span>
     <span class='ocr_line' id='line_1_32' title="bbox 60 3358 1079 3451; baseline -0.002 -16"><span class='ocrx_word' id='word_1_231' title='bbox 60 3394 76 3435; x_wconf 86' lang='lat' dir='ltr'><em>c</em></span> <span class='ocrx_word' id='word_1_232' title='bbox 94 3363 268 3436; x_wconf 78' lang='lat' dir='ltr'>memoriale</span> <span class='ocrx_word' id='word_1_233' title='bbox 287 3384 385 3431; x_wconf 82' lang='lat' dir='ltr'>meum</span> <span class='ocrx_word' id='word_1_234' title='bbox 403 3363 446 3430; x_wconf 78' lang='lat' dir='ltr'>im</span> <span class='ocrx_word' id='word_1_235' title='bbox 473 3383 576 3431; x_wconf 78' lang='lat' dir='ltr'>omnes</span> <span class='ocrx_word' id='word_1_236' title='bbox 593 3365 822 3451; x_wconf 77' lang='lat' dir='ltr'>generationes.</span> <span class='ocrx_word' id='word_1_237' title='bbox 871 3358 1079 3435; x_wconf 84' lang='lat' dir='ltr'>Mirandum</span> 
     </span>
     <span class='ocr_line' id='line_1_33' title="bbox 60 3457 1079 3553; baseline -0.004 -15.972"><span class='ocrx_word' id='word_1_238' title='bbox 60 3484 111 3537; x_wconf 81' lang='grc' dir='ltr'>ιιο</span> <span class='ocrx_word' id='word_1_239' title='bbox 132 3459 281 3537; x_wconf 86' lang='lat' dir='ltr'>nonest</span> <span class='ocrx_word' id='word_1_240' title='bbox 308 3460 484 3535; x_wconf 84' lang='lat' dir='ltr'>daemonia</span> <span class='ocrx_word' id='word_1_241' title='bbox 505 3459 669 3553; x_wconf 84' lang='lat' dir='ltr'>proprias</span> <span class='ocrx_word' id='word_1_242' title='bbox 691 3457 1008 3531; x_wconf 84' lang='lat' dir='ltr'>denominationes</span> <span class='ocrx_word' id='word_1_243' title='bbox 1034 3461 1079 3534; x_wconf 91' lang='lat' dir='ltr'>ad</span> 
     </span>
     <span class='ocr_line' id='line_1_34' title="bbox 60 3553 1079 3651; baseline -0.007 -14"><span class='ocrx_word' id='word_1_244' title='bbox 60 3583 190 3637; x_wconf 83' lang='lat' dir='ltr'>morum</span> <span class='ocrx_word' id='word_1_245' title='bbox 214 3561 335 3635; x_wconf 91' lang='lat' dir='ltr'>Deum</span> <span class='ocrx_word' id='word_1_246' title='bbox 357 3559 518 3650; x_wconf 81' lang='lat' dir='ltr'>referre,</span> <span class='ocrx_word' id='word_1_247' title='bbox 552 3573 594 3635; x_wconf 92' lang='lat' dir='ltr'>ut</span> <span class='ocrx_word' id='word_1_248' title='bbox 619 3577 688 3651; x_wconf 89' lang='lat' dir='ltr'>pro</span> <span class='ocrx_word' id='word_1_249' title='bbox 718 3553 856 3630; x_wconf 90' lang='lat' dir='ltr'>summo</span> <span class='ocrx_word' id='word_1_250' title='bbox 879 3557 964 3630; x_wconf 87' lang='lat' dir='ltr'>Deo</span> <span class='ocrx_word' id='word_1_251' title='bbox 993 3557 1079 3630; x_wconf 87' lang='lat' dir='ltr'>ado·</span> 
     </span>
     <span class='ocr_line' id='line_1_35' title="bbox 60 3650 1139 3757; baseline -0.004 -23"><span class='ocrx_word' id='word_1_252' title='bbox 60 3675 160 3735; x_wconf 88' lang='lat' dir='ltr'>ntur:</span> <span class='ocrx_word' id='word_1_253' title='bbox 192 3662 293 3753; x_wconf 92' lang='lat' dir='ltr'>quod</span> <span class='ocrx_word' id='word_1_254' title='bbox 318 3662 428 3757; x_wconf 83' lang='lat' dir='ltr'>longe</span> <span class='ocrx_word' id='word_1_255' title='bbox 451 3658 608 3749; x_wconf 84' lang='lat' dir='ltr'>alienum</span> <span class='ocrx_word' id='word_1_256' title='bbox 631 3653 682 3728; x_wconf 90' lang='lat' dir='ltr'>est</span> <span class='ocrx_word' id='word_1_257' title='bbox 709 3677 729 3727; x_wconf 90' lang='lat' dir='ltr'>a</span> <span class='ocrx_word' id='word_1_258' title='bbox 754 3657 915 3729; x_wconf 88' lang='lat' dir='ltr'>moribus</span> <span class='ocrx_word' id='word_1_259' title='bbox 938 3650 1077 3731; x_wconf 84' lang='lat' dir='ltr'>Famuli</span> <span class='ocrx_word' id='word_1_260' title='bbox 1137 3692 1139 3701; x_wconf 95' lang='lat'><em>·</em></span> 
     </span>
    </p>
   </div>
   <div class='ocr_carea' id='block_1_8' title="bbox 60 3742 1077 3946">
    <p class='ocr_par' dir='ltr' id='par_1_9' title="bbox 60 3742 1077 3946">
     <span class='ocr_line' id='line_1_36' title="bbox 60 3742 1077 3946; baseline -0.01 -108"><span class='ocrx_word' id='word_1_261' title='bbox 60 3755 125 3839; x_wconf 76' lang='lat' dir='ltr'>reio</span> <span class='ocrx_word' id='word_1_262' title='bbox 158 3742 228 3837; x_wconf 84' lang='lat' dir='ltr'>nos</span> <span class='ocrx_word' id='word_1_263' title='bbox 264 3758 515 3860; x_wconf 72' lang='lat' dir='ltr'>agnoscimus,</span> <span class='ocrx_word' id='word_1_264' title='bbox 553 3754 845 3893; x_wconf 82' lang='lat' dir='ltr'>Prophetarum,</span> <span class='ocrx_word' id='word_1_265' title='bbox 882 3753 1077 3946; x_wconf 49' lang='lat' dir='ltr'>&amp;tilblriisti</span> 
     </span>
    </p>
   </div>
   <div class='ocr_carea' id='block_1_9' title="bbox 0 0 1254 4254">
    <p class='ocr_par' dir='ltr' id='par_1_10' title="bbox 0 0 1254 4254">
     <span class='ocr_line' id='line_1_37' title="bbox 0 0 1254 4254; baseline 0 1"><span class='ocrx_word' id='word_1_266' title='bbox 0 0 1254 4254; x_wconf 95' lang='lat' dir='ltr'> </span> 
     </span>
    </p>
   </div>
  </div>
 </body>
</html>
