2498 4254
238 140 335 230 ur
385 137 853 273 onusto-uu
997 166 1070 245 557

68 312 192 410 sene,
218 314 280 409 qui
299 315 487 387 innumera
507 329 735 405 peromnem
754 311 866 385 vitam
879 311 977 386 'malr
991 330 1073 407 per·

68 419 90 494 bi
106 417 238 491 suntin
253 415 406 487 laboribus
418 413 576 510 plurimis,
603 418 641 483 iro
654 410 827 481 carceribus
842 410 1071 511 abuudantius,

68 520 157 616 plagis
168 519 267 614 sopra
285 516 426 600 modum,
453 519 491 584 iro
503 513 656 584 mortibus
669 510 867 608 frequentor.
918 498 969 586 Et
982 512 1072 591 Pau.

81 618 283 715 fingillutim
299 642 319 687 a
335 616 462 713 Judair
470 617 637 713 quinquies
654 613 867 708 quadragenas
882 635 949 684 una
963 621 1072 693 suiuus

68 727 133 817 epit.
197 715 263 789 Tar
291 720 397 810 uirgis
420 716 510 804 rasus
531 713 593 811 ast,
621 712 716 804 semel
742 714 903 810 lapidatus
923 714 985 812 afl,
1020 714 1074 795 sir

68 820 212 913 sfragium
233 815 337 910 facit,
363 812 452 895 troile
475 811 515 891 ob
538 816 590 887 lis
612 820 652 883 in
672 811 829 909 profundo
854 818 952 884 matis
971 814 1071 909 fuis:

68 939 124 992 nro
144 924 181 988 in
201 918 349 987 amnibus·
366 914 601 988 tribulationem
621 912 746 1009 paffios,
771 918 951 1009 aporiatus,
971 918 1074 1017 parsu.

68 1025 161 1093 touom
175 1014 300 1113 paffiss,
331 1013 491 1115 dejetlus:
517 1015 578 1107 qui
600 1013 688 1087 illud
714 1011 868 1107 fatetur,
906 1014 1014 1114 -Ulqus
1033 1026 1072 1091 in

68 1146 93 1190 oc
112 1118 224 1189 boram
247 1115 286 1194 bl
305 1116 480 1208 oberimus,
505 1112 704 1213 obsimus,
731 1114 771 1189 0
786 1115 869 1184 nudi
880 1114 1004 1208 sumas,
1030 1120 1072 1198 θ’

68 1220 144 1319 plois
161 1220 323 1307 cadimus,
350 1215 388 1295 bl
413 1215 568 1314 inflatos
589 1218 714 1302 sumus,
747 1213 787 1291 U
807 1216 983 1287 laboramus
1002 1238 1072 1319 opu.

68 1337 118 1392 tos
132 1319 278 1389 manibus
292 1319 422 1416 uostris:
446 1318 673 1410 maledicimur,
698 1315 975 1401 &laudisonus
998 1340 1073 1420 par·

68 1432 189 1492 ettonem
215 1421 384 1517 patimur,
420 1415 460 1496 ὅ
482 1416 691 1517 sustinemus:
726 1415 996 1513 blasphemamur,
1030 1420 1071 1499 (5·

68 1543 201 1592 cramus.
252 1514 345 1594 Cum
367 1530 487 1594 autem
508 1538 552 1591 ea
575 1514 763 1590 consecuti
784 1534 862 1590 non
878 1515 946 1591 fint
968 1518 1073 1617 Apo·

68 1620 89 1693 u
110 1639 179 1714 pro
204 1618 332 1712 quibus
353 1621 527 1711 orabant,
553 1619 631 1709 quis
649 1636 776 1688 eorum
801 1619 862 1710 qui
878 1617 1073 1695 inferiores

68 1742 90 1792 s
105 1718 202 1809 sunt,
227 1715 368 1812 sperare
383 1715 505 1812 potest
520 1717 708 1789 orationes
725 1712 802 1787 suas
820 1716 1073 1794 exauditurum

68 1815 157 1915 umi
181 1816 273 1891 Illud
288 1838 380 1890 vero
400 1815 499 1908 quod
516 1818 553 1888 in
568 1814 704 1909 psalmo
718 1813 888 1909 scriptum
904 1815 956 1890 est
972 1823 1074 1917 vige-

68 1939 97 1990 ιο
113 1917 263 2010 quinto:
291 1916 389 1988 Proba
407 1940 455 1986 rue
475 1922 613 1988 Domitor
625 1916 664 1992 (t
682 1929 774 1986 ronta
792 1936 860 1988 me:
912 1943 968 1988 ure
982 1943 1073 1992 ranas

68 2044 104 2106 rs,
128 2013 169 2092 it
192 2041 244 2088 ros
265 2038 386 2109 meum,
411 2016 455 2089 iis
481 2035 559 2107 quae
574 2013 757 2088 Dominus
782 2012 906 2088 noster
924 2016 970 2091 de
993 2039 1076 2093 ora·

68 2138 111 2190 ne
125 2114 254 2189 docuit
269 2114 489 2191 contrarium
500 2112 571 2190 effe
581 2113 687 2188 facile
698 2112 928 2210 sulpicabitur
944 2112 1075 2195 eorum

68 2217 135 2310 {uis
158 2217 310 2308 quinon
334 2216 548 2309 expenderit
572 2216 772 2287 accuratius
797 2215 882 2305 quid
901 2217 963 2293 sobi
982 2220 1075 2292 velit

68 2318 202 2390 vetoris
240 2329 474 2411 preceptum.
542 2308 745 2407 Ecquando
775 2317 900 2407 aliquis
928 2319 1096 2412 putauit·

68 2417 176 2491 mines
193 2428 294 2489 extra
308 2416 532 2489 tentationes
552 2413 622 2489 elie
640 2436 727 2506 quas
742 2418 850 2488 novit
863 2418 953 2490 inita
963 2421 1074 2493 ratio·

68 2514 87 2589 l
111 2515 268 2608 Ecquod
287 2528 430 2609 tempus
452 2512 505 2587 est
524 2516 576 2588 in‘
590 2534 665 2608 quo
681 2512 830 2589 xsecurus
848 2511 959 2590 fuerit
978 2517 1074 2609 quasa

68 2617 239 2713 {nandum
253 2635 332 2689 non
351 2614 440 2689 eiiet
457 2634 505 2689 ne
519 2613 718 2709 peccaret?
743 2612 837 2711 Eget
850 2616 1076 2708 adquisiti-

70 2728 107 2788 et
121 2741 161 2786 ua
170 2716 308 2807 surmus
317 2720 410 2815 juret
423 2738 539 2787 namen
555 2722 629 2787 Dei.
680 2714 798 2788 Dives
812 2712 890 2788 est?
914 2737 963 2789 ne
977 2718 1076 2790 secu·

68 2843 70 2881 ;
93 2814 157 2907 fit,
183 2812 304 2908 potest
322 2812 419 2888 onim
438 2814 602 2887 abundans
619 2818 753 2885 mendax
776 2810 877 2897 fleri,
903 2815 937 2888 ἃ
959 2818 1074 2889 elatus

71 2935 155 2989 ere:
181 2917 268 3008 Quis
288 2938 336 2986 ase
358 2911 477 2986 oidrtl
514 2934 557 2986 ec
585 2934 633 2987 ne
659 2913 786 2986 Paulus
811 2915 955 3006 quidem
984 2921 1076 2988 dives

68 3021 150 3089 omni
169 3013 262 3084 verbo
283 3012 323 3090 U
339 3019 426 3085 omni
442 3015 577 3103 scientia
602 3034 620 3085 a
641 3014 805 3107 periculo
828 3015 995 3088 immunis
1024 3015 1076 3091 est

67 3114 214 3191 tollendi
234 3112 269 3187 se
285 3115 332 3188 de
351 3112 457 3188 his&
473 3113 669 3208 peccandi3
692 3111 753 3186 sed
775 3114 913 3210 indiget
931 3113 1076 3189 stimulo

68 3238 171 3307 anu,
198 3212 317 3305 quise
341 3214 551 3308 colaphizet
568 3234 616 3286 ne
638 3215 845 3288 extollatur.
896 3212 970 3287 Etsi
996 3217 1076 3308 quis

68 3340 107 3391 re
122 3316 185 3389 subi
204 3312 370 3389 conscius
384 3313 447 3401 sot,
473 3310 714 3410 effugeritque
729 3312 843 3405 mala,
864 3314 960 3410 legat
975 3316 1076 3407 quod

73 3414 233 3491 secundo
260 3412 564 3508 Paralipomenon
585 3413 717 3488 dicitur
737 3413 783 3485 de
805 3408 986 3506 Ezechia,
1004 3416 1076 3506 oui

69 3519 172 3589 tione
190 3512 310 3586 cordis
324 3512 489 3586 cecidiiie
504 3526 677 3589 narratur.
727 3511 763 3585 Si
777 3514 855 3603 quis
869 3515 967 3604 quod
986 3517 1077 3586 mul-
1148 3589 1150 3597 ,

68 3616 112 3689 de
125 3635 283 3710 paupere
297 3633 374 3686 non
390 3613 595 3704 dixerimus,
614 3612 716 3706 parvi
735 3614 873 3704 pendit,
889 3613 982 3704 quasr
996 3634 1077 3688 non

68 3716 119 3788 iat
133 3716 169 3787 in
184 3725 434 3808 paupertatem
454 3714 633 3804 tentatio,
663 3710 751 3791 sciat
766 3711 1011 3809 inspdiatorem·
1024 3715 1078 3786 in·
1144 3752 1147 3759 ·

68 3816 128 3891 iuri
147 3830 185 3889 ut
200 3818 330 3915 dejiciat
351 3811 390 3892 (i
413 3819 552 3913 inopom,
576 3816 731 3891 maxine
754 3815 958 3908 cum'J'uxta
977 3811 1079 3900 Saloe

877 3929 1047 3986 munem
