2498 4254
307 140 905 257 nassonanrona.
1062 190 1137 267 aaa

74 340 182 417 simun
209 336 500 435 cognoscentes,
537 334 728 422 sentiamus
757 334 783 409 ii
810 336 965 409 uelimus
992 337 1153 431 propria

75 441 196 533 mala,
221 435 255 515 bt
275 456 416 533 agamus
442 437 549 511 etiam
571 437 699 532 gratias
719 455 788 528 pro
811 435 1013 527 bonisque
1030 435 1140 509 nobie
1160 514 1169 527 A

75 560 144 634 per
160 538 383 611 tentationes
400 533 539 610 ostensa
555 533 646 610 sunt.
696 533 809 632 Quod
827 547 947 609 autem
962 533 1047 608 ideo
1063 548 1142 608 ten·

75 639 238 711 canones
267 636 470 708 obveniant
496 647 538 708 ut
562 636 704 727 quinam
728 633 833 710 stmus
855 648 1045 729 appareat,
1076 645 1140 709 aut

77 733 343 832 cognoscantur
373 754 450 825 quae
472 735 510 808 in
540 733 652 807 corde
677 732 801 807 nostro
824 734 1014 808 recondita
1036 731 1139 826 sunt,

75 828 235 911 'declarat
250 832 381 925 quoda
394 832 560 909 Domino
574 834 613 906 in
627 833 720 906 libro
735 832 807 928 Job
822 834 964 912 dicitur,
989 832 1023 908 ἃ
1039 831 1139 927 quod

77 938 117 1008 in
135 934 431 1008 Deuteronomio
449 930 709 1027 scriptumest,
734 953 812 1026 quae
831 932 879 1007 fic
893 932 1046 1007 habent:
1075 936 1141 1007 Pu·

77 1026 130 1106 tas
150 1050 253 1105 autem
271 1057 318 1103 me
333 1033 424 1108 aliter
449 1033 510 1104 tibi
528 1032 721 1129 responsiffi,
748 1057 840 1130 quam
863 1049 903 1104 ut
924 1054 1074 1130 appareas
1083 1037 1141 1130 jte·

72 1129 170 1234 flasi
200 1129 251 1205 Et
266 1133 305 1206 in
321 1130 636 1207 Deuteronomio:
669 1128 808 1221 Afflixit
829 1149 885 1223 re,
910 1130 950 1210 ti
968 1134 1084 1220 esurire
1107 1149 1140 1205 te

72 1235 178 1330 feeit,
205 1229 244 1309 (5
262 1232 381 1304 cibavit
398 1249 430 1304 te
447 1252 584 1321 mamm,
616 1230 656 1309 si
672 1233 855 1305 deduxime
872 1241 910 1304 in
927 1234 1062 1322 deserta,
1086 1233 1141 1304 ubi

72 1335 201 1432 serpens
215 1334 376 1422 maisou,
399 1335 439 1409 U
452 1334 591 1430 scorpio,
616 1333 654 1409 ss
670 1334 794 1430 dipsas,
821 1350 859 1405 tet
875 1342 996 1429 cognita
1004 1335 1139 1426 flerent,

79 1430 679 1626 atratautttittmttttt
698 1430 1143 1627 tentarunt:

78 1655 165 1709 nean
181 1635 411 1726 deceptoque
431 1631 575 1707 facilem
589 1651 668 1704 non
681 1644 769 1704 tunc
783 1630 1037 1707 tautumfuiise
1057 1652 1142 1706 cum

77 1733 201 1828 spreto
216 1731 290 1805 Dei
311 1728 429 1805 edicto
449 1727 652 1825 serpentem
678 1730 834 1807 audivit:
859 1729 920 1806 sed
942 1752 1020 1824 quae
1042 1732 1141 1825 prius

78 1834 244 1922 inerant,
269 1843 358 1903 tunc
372 1832 487 1925 palam
504 1826 713 1923 factasunt,
740 1850 821 1904 cum
836 1830 880 1904 ad
895 1852 973 1905 eam
983 1832 1069 1904 ideo
1085 1848 1143 1904 ac·
1172 1914 1175 1929 Ι

80 1928 224 2003 cesserit
238 1926 404 2024 serpena,
431 1926 531 2020 quod
548 1924 793 2003 infirmitatem
808 1926 883 2023 ejus
900 1951 968 2025 pro
987 1929 1047 2003 sua
1068 1931 1142 2003 cal·

78 2030 220 2105 liditate
243 2024 541 2123 deprehendisset.
593 2027 646 2099 At
664 2046 785 2122 neque
805 2028 895 2103 Cain
916 2044 1005 2103 tunc
1027 2031 1141 2104 malua

81 2125 155 2204 erse
180 2130 290 2223 coepit
313 2148 395 2201 cum
422 2127 558 2201 occidit
579 2125 753 2223 fratrem,
785 2110 920 2224 qnippe
941 2130 1010 2223 jam
1036 2141 1143 2203 antea

81 2231 124 2302 ad
141 2232 225 2301 Cain
242 2225 282 2305 tis
304 2228 515 2319 adsamifieia
534 2231 602 2326 ejus
625 2252 691 2298 nata
710 2229 884 2326 respexerat
907 2226 1070 2302 cordium
1088 2229 1143 2304 in·
1176 2288 1179 2295 .

80 2325 222 2424 spector
243 2327 371 2407 Denta
405 2339 546 2402 tantum
566 2329 604 2403 in
621 2327 740 2403 lucem
761 2326 930 2422 procesit
947 2329 1023 2422 ejus
1044 2327 1144 2400 maii·

80 2430 151 2516 tia,
178 2448 260 2503 cum
284 2428 381 2501 Abel
400 2427 593 2504 interemit.
643 2426 722 2502 Nisi
744 2429 868 2502 uinum
885 2427 990 2521 ¹quod
1007 2427 1144 2523 planta·
1202 2444 1208 2471 ¹

80 2543 208 2623 verat,
234 2526 375 2602 bibisset
389 2527 499 2621 Noe,
524 2527 794 2621 inebriatusque
811 2527 847 2600 n
864 2528 1019 2603 nudatus
1040 2524 1142 2622 esset,

82 2647 163 2701 non
181 2626 394 2721 apparuisset
416 2647 537 2720 neque
558 2626 685 2702 Chami
703 2627 923 2720 procacia&
942 2630 981 2700 in
1001 2639 1143 2719 pattena

81 2726 277 2819 inpietas,
304 2744 425 2816 neque
452 2725 601 2801 nanum
626 2728 780 2821 gravitas
810 2725 846 2799 δι
871 2728 909 2799 in
938 2726 1145 2820 genitorem

82 2827 302 2903 reverentia.
351 2821 444 2911 Esau
463 2827 502 2899 in
517 2825 632 2921 Jacob
649 2824 780 2898 insidiae
797 2824 1060 2899 benediitionia
1074 2820 1155 2896 sura·
1209 2866 1214 2879 ,

82 2936 197 3017 reptae
214 2924 371 2997 obtentu
382 2921 462 2998 fieri
481 2937 654 3018 poterant
671 2922 803 2999 videri:
830 2938 866 2997 at
884 2927 1091 3019 priusquam
1107 2918 1146 2995 id
1228 2962 1231 2982 ·

83 3023 286 3112 accideret,
312 3036 389 3097 erat
407 3025 579 3098 inanima
597 3022 672 3116 ejus
691 3023 790 3097 radix
812 3024 913 3116 canus
931 3024 1026 3097 vitio
1033 3023 1155 3117 saui-

73 3128 172 3197 ‘catar
189 3122 298 3217 esset,
324 3123 358 3196 ἐι
375 3124 571 3222 prophanae.
620 3121 768 3220 Josephi
789 3122 1155 3200 continentiamiliu··

83 3223 192 3302 strena
214 3242 285 3315 qua
302 3223 349 3298 fic
371 3237 448 3298 erat
472 3238 699 3318 comparatus
713 3245 761 3298 ne
779 3226 853 3297 nlla
870 3223 1071 3317 'cupiditate
1089 3240 1151 3295 ca·

83 3335 250 3424 peretto,
278 3344 355 3397 non
372 3322 646 3421 cognoffemuc‚
671 3324 846 3417 iiamatus,
862 3343 881 3395 a
895 3323 1055 3398 Domina
1067 3340 1147 3395 non

85 3423 186 3500 esset.
243 3421 442 3518 Propterea
462 3428 500 3496 in
525 3421 795 3499 succedentium
817 3422 880 3497 srbi
902 3424 1154 3501 tentationum.

85 3525 287 3598 intervallis
320 3521 451 3597 stemus
484 3522 587 3597 &ad
612 3522 732 3597 futura
765 3541 836 3596 nos
871 3540 1149 3616 comparemus,

87 3643 323 3716 quacumque
354 3625 499 3699 tandem
525 3621 656 3718 ponne
686 3622 875 3714 accidere,
907 3635 949 3694 ut
977 3615 1149 3712 quidquid

88 3723 308 3819 contigerit,
341 3744 419 3800 non
444 3725 640 3818 imparatos
662 3742 732 3797 nos
753 3735 902 3817 arguat,
936 3719 996 3793 sed
1017 3716 1152 3791 studio·

84 3816 208 3901 ssime
223 3823 450 3926 'compositor
471 3822 646 3901 ostendat.
699 3821 813 3922 Quod
829 3823 925 3903 enirn
942 3840 1007 3921 per
1020 3817 1161 3985 ξὶιιὲιι-

724 4108 751 4151 U·
