2498 4254
80 206 156 279 asa
294 174 334 243 .'
401 167 888 262 ortluu'le*

71 342 236 423 ⁴diuullio
255 358 337 423 culn
359 347 507 421 adhibiti
525 347 616 442 ignis
635 349 780 421 ratione
803 348 912 421 fuerit
933 344 1138 447 exploritt,

82 450 157 522 fine
183 448 294 527 dubio
327 447 371 519 ad
400 445 595 525 firmiorem
628 445 680 519 sui
705 448 953 545 compaginem
977 448 1135 525 instaura

82 549 295 639 tionemque
320 545 498 622 solidatur.

157 650 191 722 6.
217 647 337 719 Multa
354 644 434 718 sunt
451 650 558 721 etiam
579 647 647 719 alia
672 665 749 736 quae
776 644 847 719 nos'
863 646 980 719 latent
994 666 1073 739 quae
1089 648 1131 721 illl

83 745 150 819 soli
170 746 316 841 cognita
333 742 434 837 sunt,
469 747 530 837 qui
547 743 598 817 est
617 744 775 818 medicus
797 747 990 818 animarum
1007 742 1129 819 nostra

83 866 172 919 rum.
224 844 261 917 si
279 848 374 918 enim
400 844 442 917 ad
468 847 631 938 corporis
655 843 840 917 sanitatem
865 864 934 937 pro
960 845 1016 917 his
1042 846 1127 917 vitiis

72 954 162 1035 ‚quae
195 964 260 1037 per
285 943 398 1016 escam
425 958 623 1037 potumque
649 944 879 1038 collegimus,
911 940 1126 1016 necessariam

82 1042 254 1115 habemus
270 1043 450 1117 interdum
467 1040 667 1115 austerioris
682 1062 723 1114 ac
739 1041 973 1115 mordacioris
986 1043 1125 1117 medica·

81 1144 196 1215 menti
213 1162 355 1229 curam3
380 1162 640 1232 nonnunquam
656 1160 770 1231 vero,
796 1141 822 1213 sr
837 1140 874 1213 id
891 1142 971 1213 vitii
991 1142 1123 1231 qualitas

82 1237 360 1334 depoposcerit,
382 1244 503 1337 rigore
529 1240 612 1313 ferri
638 1240 670 1312 dt
696 1238 860 1313 sessionis
880 1237 1068 1333 asperitate
1084 1240 1121 1311 in·

83 1340 264 1434 digemus3
290 1341 390 1430 quod
405 1339 429 1412 sr
446 1342 553 1429 etiam
574 1341 651 1412 haec
667 1338 901 1433 supergressus
922 1339 1034 1412 suerit
1046 1352 1120 1413 mot·

55 1507 59 1515 .
80 1439 120 1510 bi
136 1438 286 1530 modus,
313 1439 356 1511 ad
370 1440 532 1511 ultimum
550 1453 768 1530 conceptum
783 1439 910 1510 vitium
926 1442 1034 1511 etiarn
1049 1438 1119 1533 ignis
1146 1447 1149 1457 ·

83 1538 222 1623 exurit3
248 1550 384 1629 quanto
405 1540 514 1632 magis
537 1538 807 1631 intelligendum
824 1535 928 1610 est&
954 1538 1050 1609 hunc
1064 1556 1120 1607 me·
1147 1610 1149 1617 ,

81 1635 201 1709 dicum
215 1635 375 1709 nostrum
396 1637 516 1709 Deum
533 1638 720 1709 volentem
737 1636 873 1707 diluere
893 1637 985 1707 vitia
1007 1637 1118 1709 anim·
1147 1656 1149 1719 ζ

71 1730 160 1808 'rum
178 1733 401 1827 nostrarum,
430 1758 507 1825 quae
523 1755 568 1808 ex
589 1746 825 1828 peccatorum
843 1734 877 1806 dr
895 1733 1064 1808 scelerum
1082 1732 1118 1805 di·
1146 1732 1149 1785 ἕ

82 1833 250 1906 versitate
285 1838 528 1931 collegerant,
568 1836 622 1906 uti
661 1834 906 1925 hujuscemodi
940 1834 1149 1930 poenalibur

84 1931 216 2026 Curis,
240 1934 383 2028 insuper
398 1935 504 2008 etiam
523 1935 614 2026 ignis
631 1932 767 2007 inferre
784 1930 994 2026 supplicium
1010 1933 1063 2007 his
1074 1928 1118 2021 qui
1145 1932 1149 2017 l

80 2030 266 2105 sanitatem
294 2036 418 2107 animae
450 2030 706 2126 perdiderunt?
746 2029 854 2122 Cujus
887 2035 939 2104 rei
968 2032 1149 2127 imaginesl

44 2208 53 2223 „
82 2132 190 2202 etiam
215 2132 253 2201 in
279 2130 458 2222 scripturis
484 2128 607 2203 fandis
637 2130 852 2205 referuntur.
904 2130 1117 2221 Deniqueiu
1146 2127 1149 2175 ἲ

79 2226 376 2301 Deuteronomio
390 2229 505 2302 sermo
521 2230 662 2300 divinus
677 2230 929 2320 peccatoribus
944 2232 1119 2305 commiss
1147 2308 1149 2323 Ι

81 2338 161 2418 tur,
181 2325 286 2416 'quod
299 2328 457 2400 febribus
480 2327 720 2422 &frigoribus
747 2328 781 2399 tr
806 2330 963 2425 aurigine
988 2332 1119 2422 punien-

74 2439 160 2520 tur,
187 2424 433 2498 &oculorum
461 2428 773 2518 vacillationibus,
801 2426 988 2501 &mentis
1010 2432 1121 2501 aliena·

80 2524 208 2614 tione,
233 2525 267 2595 dt
288 2528 512 2619 paraplexia,
538 2525 779 2624 dicacitate,
804 2546 845 2597 ac
870 2526 1057 2601 debilitate
1076 2546 1122 2599 re·

80 2642 167 2695 num
186 2624 366 2696 cruciandi
384 2624 461 2699 smt.
509 2623 545 2695 Si
570 2626 647 2714 quis
666 2626 771 2718 igitur
790 2646 835 2697 ex
861 2629 939 2697 otio
965 2628 1012 2701 de
1038 2624 1125 2701 omni

79 2720 251 2814 scriptura
270 2736 466 2819 congreget
490 2744 627 2796 omnes·
642 2724 854 2817 languorum
879 2744 1127 2800 commemora·

81 2821 203 2893 tiones
219 2841 296 2913 quae
313 2824 350 2895 in
368 2824 650 2895 comminatione
668 2825 919 2914 peccatoribus
934 2827 1041 2899 velut
1057 2844 1129 2927 cop·

79 2926 272 3012 porcarum
288 2924 533 3016 egritudinum
547 2922 847 3014 appellationibus
866 2938 1127 3016 memorantur,

79 3020 246 3093 inveniet
263 3020 361 3110 quod
379 3026 572 3093 animarum
591 3021 651 3092 val
672 3022 781 3112 vitia,
807 3024 868 3093 vel
885 3020 1058 3116 supplicia
1073 3042 1130 3117 per

79 3118 155 3190 hoc
186 3117 378 3214 figuraliter
406 3120 619 3194 indicentur.
672 3118 726 3190 Ut
757 3133 876 3193 autem
899 3123 1131 3215 intelligamus

81 3218 164 3303 quia
179 3238 221 3289 ea
234 3218 376 3291 ratione
392 3239 460 3308 qua
470 3218 599 3292 medici
615 3218 789 3309 adjutoria
807 3217 1062 3312 languentibus
1077 3210 1129 3294 ad·

45 3320 47 3325 ’
67 3310 220 3408 hibent,
245 3329 286 3388 ut
300 3338 364 3409 per
380 3339 480 3390 curas
496 3331 663 3409 reparent
680 3316 882 3409 sanitatem,
908 3321 1018 3410 etiam
1034 3322 1130 3395 Deus

80 3413 152 3505 agit
168 3415 261 3486 circa
276 3437 341 3488 eos
360 3419 420 3507 qui
435 3416 519 3508 lapsr
537 3414 641 3507 sunt,
667 3416 701 3487 da
719 3416 929 3490 deciderunt
948 3421 986 3491 in
1007 3442 1132 3515 pecca·

79 3522 130 3601 ta,
155 3511 290 3586 indicio
309 3514 360 3587 est
375 3518 408 3586 dt
423 3514 530 3604 illud,
556 3516 654 3604 quod
670 3535 735 3607 per
749 3515 964 3592 Hieremiam
979 3520 1132 3615 prophe

80 3619 153 3682 tam
164 3611 309 3700 jubetur
323 3617 414 3686 calix
429 3612 645 3686 surorisJDei
663 3616 845 3708 propinari
862 3619 1030 3692 omnibus
1050 3640 1133 3716 gen·

80 3711 176 3780 tibus
195 3722 237 3780 ut
256 3712 399 3802 bibant,
426 3713 674 3804 &insaniant,
700 3714 734 3784 dr
755 3730 938 3789 evomant.
991 3716 1034 3791 In
1059 3740 1131 3809 quo

81 3810 319 3887 comminatur
344 3811 494 3910 dcent,
531 3813 614 3908 quia
645 3812 672 3889 sr
698 3813 776 3907 quis
799 3814 958 3889 noluerit
983 3819 1131 3913 bibere,

1003 3936 1084 3997 ³012
