2498 4254
145 114 224 194 nr
272 62 602 211 rnrucmns,
650 111 752 203 tm,
776 111 824 190 11.
899 136 1018 213 ¹145,

68 276 377 373 ristantpatientiae
390 277 582 351 creatoris:
606 274 1017 370 secundumquoddpo·

68 380 160 473 {ipse
175 378 284 472 dicit,
317 382 472 450 Vanitati
489 386 572 448 enim
590 395 735 447 creatura
743 376 883 475 snbjtiia
896 376 935 473 esi
950 404 1018 449 non

68 508 93 566 ¹,
116 480 170 568 sed
183 496 311 575 propter
333 501 399 548 aum
420 482 476 574 qui
488 478 655 571 fitbjecerit
679 484 716 546 in
733 478 828 573 spem
862 472 865 479 ’
887 475 1016 550 Obser-

68 600 91 649 ιε
110 578 121 648 i
148 577 217 648 'tur
229 574 327 649 istam
342 574 551 650 sententiam
568 598 671 668 quam
684 574 883 669 Apostolus
897 576 941 649 de
956 599 1016 651 na-

68 692 107 749 te
123 600 215 748 gEIsau
235 676 398 771 &Jacob
414 695 600 769 exponens
616 675 729 748 dixit:
765 678 935 772 Numquid
965 683 1017 747 in·

68 774 145 871 aest
160 776 242 871 apud
262 773 396 847 Deum?
419 774 527 871 Abfit:
554 776 660 849 etiam
677 777 714 851 in
736 776 901 849 omnibus
921 796 1018 849 crea·

68 874 198 947 tedium
212 874 366 946 arbitror
378 876 471 947 hanc
486 875 644 948 eamdem
659 875 789 948 debere
806 874 1018 949 sententiam

68 974 153 1047 diri:
181 970 369 1066 quoniam,
396 972 484 1045 ficut
508 972 664 1066 superius
684 973 860 1067 diximus,
884 972 1019 1067 justitia

88 1074 262 1145 creatoris
278 1074 315 1145 in
326 1073 489 1146 omnibus
506 1093 685 1169 apparere.
737 1076 847 1173 Qua,
874 1086 915 1145 ut
931 1072 1018 1147 mihi

68 1192 129 1264 ur,
155 1172 206 1243 ita
219 1170 358 1245 demum
372 1172 521 1245 lucidius
541 1172 767 1265 ostendetur,
793 1170 950 1245 ficausas
967 1171 1019 1245 di-

68 1275 141 1344 :atis
186 1272 429 1363 unusquisque
460 1272 522 1345 vel
562 1272 774 1365 caelestium,
810 1272 874 1345 vel
906 1286 1018 1343 terre-

68 1394 107 1463 ι,
133 1371 196 1442 vel
207 1370 430 1443 infernorum
447 1371 484 1443 in
498 1370 683 1463 semetipso
704 1369 944 1464 praecedentes
958 1390 1017 1443 na-

68 1483 144 1542 tem
168 1490 383 1561 corpoream
406 1470 539 1542 habere
571 1469 720 1545 dicatur.
770 1471 897 1543 Verbo
923 1471 1019 1543 enim

68 1567 264 1659 tsapientia
277 1569 351 1659 ejus
369 1568 575 1641 creatasunt
588 1569 770 1662 universa,
797 1568 905 1662 &per
913 1568 1017 1661 ipsrus

68 1682 127 1739 ata
141 1664 221 1739 sunt
237 1666 415 1758 justitiam.
465 1666 532 1739 Per
547 1669 694 1763 gratiam
709 1688 803 1742 vero
820 1667 1017 1741 misericor-

68 1789 113 1838 ,ιω
128 1767 293 1839 omnibus
306 1766 500 1858 providet,
527 1780 633 1858 atque
651 1788 775 1839 omnes
793 1768 1018 1858 quibuscum-

68 1866 173 1937 :urari
191 1864 336 1960 possunt
362 1866 527 1939 remediis
544 1867 738 1961 hortatur,
780 1865 813 1937 δι
834 1879 1018 1961 provocat

68 1966 184 2037 ¹tutem.

68 2118 76 2147 ,.
93 2062 195 2135 Sicut
216 2083 303 2157 ergo
322 2063 467 2137 dubium
484 2085 561 2138 non
578 2064 629 2139 est
650 2062 761 2136 indie
778 2061 901 2155 judicii
922 2061 1018 2133 futu·

68 2162 156 2254 puod
172 2159 375 2253 separentur
387 2165 475 2236 boni
490 2186 511 2236 a
525 2166 645 2257 malis,
670 2162 795 2253 &justi
813 2164 855 2234 ab
868 2160 1018 2253 injustis,

68 2261 140 2357 guli
160 2261 289 2352 quique
308 2283 376 2354 pro
395 2266 525 2336 merito
545 2283 609 2356 per
626 2286 667 2337 ea
678 2263 762 2335 loca
779 2262 905 2353 quibus
922 2260 1021 2358 digni

90 2356 339 2432 distribuantur
357 2362 493 2453 judicio
512 2362 608 2456 Dei,
648 2362 736 2435 ficut
757 2360 841 2432 Deo
867 2360 1020 2431 volente

68 2456 325 2551 ›niequentibus
352 2460 601 2554 ostendemus,
636 2462 705 2533 tale
731 2458 860 2550 aliquid
885 2460 1020 2551 opinor

68 2622 70 2629 ,
87 2572 170 2630 ante
184 2558 253 2649 jam
268 2557 407 2633 sadum.
459 2561 589 2633 Omnia
605 2560 698 2633 enim
714 2558 816 2631 Deus
833 2558 867 2631 &
884 2556 1020 2651 semper

68 2663 99 2729 Lo
118 2678 221 2751 agere
240 2678 280 2728 ac
292 2656 485 2750 dispensare
503 2660 699 2733 credendus
716 2656 775 2732 est.
826 2656 920 2741 Illud
930 2674 1021 2747 quo·

68 2757 156 2848 prod
181 2755 377 2849 Apostolus
402 2760 531 2852 docet,
560 2760 705 2830 dicens:
741 2762 782 2829 In·
800 2756 885 2825 domo
905 2760 1021 2847 inagna

68 2872 117 2926 mt
137 2858 348 2927 tantummodo
365 2860 440 2945 vasa
455 2882 549 2930 autea
563 2856 600 2934 (Ἰ
613 2873 775 2951 argentea,
794 2856 850 2945 sed
866 2851 905 2931 (5
913 2854 1023 2947 'ligura

68 2955 159 3033 iilia,
185 2955 224 3030 t'i
238 2956 305 3027 alia
319 2961 439 3052 quidem
456 2960 496 3027 ad
511 2958 674 3037 honorem,
698 2958 762 3027 alia
776 2971 881 3025 autem
898 2958 936 3024 od
951 2976 1023 3022 con·

68 3060 147 3125 tam:
173 3054 208 3126 δι
225 3055 323 3145 quod
335 3056 430 3129 addit
451 3058 593 3129 dicens:
618 3060 708 3150 Quia
727 3056 751 3147 fi
769 3059 841 3153 quis
856 3052 891 3143 se
907 3072 1022 3147 expur-

68 3160 107 3242 tt,
132 3159 195 3226 erit
208 3181 268 3224 uos
284 3160 321 3225 in
343 3158 489 3227 honorem
504 3155 757 3248 santificatum,
787 3156 922 3225 Domitio
938 3150 1021 3222 urile

68 3280 108 3325 ne
130 3274 203 3349 opus
225 3256 354 3325 bouum:
390 3256 461 3329 fine
487 3256 597 3328 dubio
619 3256 706 3328 illud
731 3252 912 3345 ostendit,
939 3250 1022 3343 quia

68 3382 73 3425 e
91 3355 343 3449 expurgaverit
356 3356 391 3426 in
412 3357 478 3429 hac
492 3355 568 3427 vita
586 3354 740 3447 positus,
766 3352 810 3425 ad
829 3373 937 3425 omne
954 3352 1021 3423 bo·

68 3475 160 3547 opus
184 3454 251 3525 erit
271 3466 413 3546 paratus
432 3457 468 3526 in
486 3453 637 3527 futuro:
669 3455 729 3545 qui
751 3465 869 3525 autem
890 3471 968 3525 non
985 3448 1021 3521 se

68 3552 195 3645 tuerit,
231 3551 421 3625 secundum
445 3554 678 3645 quantitatem
700 3549 928 3624 immunditiae
952 3546 1021 3621 suae

68 3675 112 3726 'as
135 3652 178 3724 ad
195 3654 469 3745 contumeliam,
494 3650 620 3745 idest,
645 3652 838 3744 indignum.
887 3646 944 3727 ¹lta
967 3666 1022 3719 er-

68 3752 190 3825 ›ssibile
211 3748 262 3824 est
281 3752 431 3847 intelligi
449 3754 554 3826 etiam
570 3766 675 3823 antea
692 3748 793 3823 fuiffe
811 3746 894 3839 vasa
910 3744 1019 3817 ratio·

68 3858 169 3981 fimf?
196 3847 283 3967 Tem.
312 3854 377 3925 III.
576 3849 613 3927 K
840 3844 979 3922 nabii‘ra
