2498 4254
76 252 146 339 278
275 284 279 299 ·
399 237 806 319 ORIGENIS

75 407 213 497 busque
230 423 328 477 nunc
355 403 496 495 quidem
514 405 713 499 arguimur,
746 423 842 477 nunc
860 420 953 476 vero
973 413 1147 477 nosmet·

75 504 171 600 ipirs
193 503 441 597 ampleiiimur.
494 503 594 577 Nihil
613 518 733 578 autem
747 519 912 599 magnum
930 501 982 575 est
999 503 1023 575 si
1041 504 1136 575 male

75 603 217 700 ingenia
234 604 388 677 dicamus
403 604 485 697 quia
499 605 636 676 varium
653 624 694 679 ac
711 601 771 675 fibi
786 603 848 695 ipsr
862 622 1067 698 repugnans
1079 602 1137 693 ju·

76 704 207 779 dicium
222 703 389 795 habeant,
405 702 439 775 &
454 700 669 797 asemetipso
686 699 906 775 discordans:
933 722 1016 775 cum
1026 702 1136 774 etiam

74 804 114 883 in
133 804 297 877 omnibus
317 803 369 877 ita
384 802 613 895 inveniatur,
645 800 829 893 siquando
847 800 1061 874 deliberatio
1083 800 1137 870 in-

77 916 185 977 certae
207 903 258 976 rei
280 902 323 978 ad
348 902 532 977 consilium
554 902 721 992 venerit,
749 901 783 973 u
802 900 1046 993 prospicitur,
1072 897 1137 970 vel

77 1000 275 1076 consulitur
293 1002 377 1093 quid
390 999 520 1077 sestius
535 1004 596 1075 vel
612 1002 733 1078 utilius
752 1001 912 1094 eligatur.
963 997 1066 1073 Nihil
1085 1017 1139 1071 er·

77 1122 126 1198 go
144 1101 309 1176 mirumsr
326 1101 403 1174 duae
421 1100 741 1175 verisimilitudines
757 1099 820 1173 fibi
837 1100 994 1173 invicem
1008 1114 1141 1170 occur·

76 1214 219 1293 rentes,
246 1199 479 1274 &contraria
501 1198 758 1296 suggerentes,
784 1200 822 1273 in
843 1196 997 1273 diversas
1018 1210 1140 1291 partes

79 1300 234 1373 animum
253 1302 405 1395 rapiunt.
456 1300 572 1375 Verbi
592 1298 719 1392 causa,
751 1298 776 1373 sr
803 1298 978 1395 cogitatio
1004 1298 1140 1371 invitet

80 1400 235 1488 aliquem
253 1399 296 1473 ad
311 1395 419 1473 fidem
443 1398 660 1474 &timorem
677 1398 776 1491 Dei,
814 1409 901 1491 tunc
921 1416 1000 1469 non
1018 1392 1142 1493 potest

80 1498 153 1570 dici
166 1498 248 1589 quia
262 1518 348 1572 caro
368 1496 553 1573 adversum
570 1492 728 1593 spiritum
738 1511 892 1593 pugnet:
913 1494 974 1571 sed
990 1495 1073 1569 dum
1087 1496 1140 1567 in-

79 1610 218 1672 certum
231 1596 283 1673 est
297 1598 396 1693 quod
412 1598 586 1672 verum&
602 1599 691 1672 utile
704 1596 777 1690 est,
803 1597 936 1671 animus
949 1596 987 1671 in
1002 1591 1142 1670 diversa

77 1696 226 1789 rapitur.
272 1696 332 1771 -lta
357 1696 658 1791 &computatur
682 1718 767 1771 caro
791 1697 834 1769 ad
855 1695 1040 1771 libidinem
1056 1714 1141 1791 pro·

79 1816 244 1891 vocare,
278 1797 462 1872 consilium
484 1816 577 1871 vero
602 1797 727 1872 melius
748 1794 995 1887 hujuscemodi
1018 1794 1142 1871 incita·

78 1896 211 1971 mentis
230 1895 376 1989 resistit,
400 1918 477 1971 non
495 1897 692 1989 putandum
710 1895 762 1971 est
773 1896 885 1969 vitam
904 1892 973 1969 esse
989 1895 1143 1985 aliquam

80 1996 271 2091 aliamque
286 1994 453 2072 adversus
469 1998 569 2071 aliani
583 1996 735 2090 refistat‚
761 1992 821 2069 sed
833 2007 994 2069 namnam
1011 2013 1144 2093 corpo·

78 2095 128 2167 ris
143 2115 220 2186 qua
238 2098 377 2189 repleta
394 2094 497 2177 sativi
514 2095 673 2169 humoris
687 2096 772 2169 loca
786 2112 962 2169 evacuare
974 2092 1080 2191 gestit
1093 2106 1144 2167 at·

81 2213 152 2284 que
170 2192 346 2267 defluere:
369 2194 541 2267 ficutnec
562 2196 743 2269 contraria
761 2195 877 2287 aliqua
899 2194 1042 2285 virtus,
1073 2211 1144 2267 neo

79 2293 158 2363 vita
176 2292 320 2364 alterius
346 2294 470 2366 animae
485 2292 640 2383 putanda
657 2292 709 2370 est
731 2314 809 2385 qua
821 2292 927 2369 nobis
950 2294 1086 2368 excitat
1104 2290 1144 2367 sr-

80 2390 146 2463 tim
163 2389 197 2461 δι
215 2406 399 2481 provocat
413 2391 456 2463 ad
477 2390 693 2487 bibendum,
719 2394 874 2483 reiquae
894 2390 1026 2467 esurire
1039 2391 1142 2485 facit,

83 2488 248 2561 &irritat
271 2488 314 2560 ad
333 2489 463 2565 cibum.
513 2490 584 2565 Sed
599 2491 688 2567 ficut
707 2494 782 2568 haec
798 2491 1016 2567 naunmibus
1035 2491 1145 2566 moti·

81 2589 149 2661 bus
164 2589 328 2680 corporis
347 2591 408 2661 vei
427 2603 664 2684 appetuntur,
690 2594 756 2667 vei¹
766 2604 1009 2681 evacuantur,
1035 2588 1086 2662 ita
1105 2588 1143 2662 sa

82 2688 250 2761 naturalis
266 2684 403 2760 seminis
422 2704 659 2785 congregatus
674 2712 740 2783 per
755 2704 895 2783 tempus
912 2691 950 2765 in
965 2686 1032 2765 suis
1047 2686 1155 2763 lucis.

82 2786 214 2861 humor
235 2787 365 2882 expelli
379 2786 507 2881 gestit,
531 2789 577 2863 ’ἃ
597 2791 724 2882 abjicis
752 2789 850 2880 quod
869 2789 907 2863 in
927 2802 1067 2865 tannim
1082 2808 1146 2869 ne·

84 2906 258 2976 quaquam
288 2886 437 2980 impulsu
462 2889 605 2963 alterius
633 2890 839 2982 cujusquam
865 2886 1144 2982 provocationis

84 2982 258 3076 efficitur,
274 3002 317 3058 ut
330 2986 437 3061 etiam
454 2985 581 3082 sponte
595 2989 776 3067 interdum
786 2987 899 3065 soleat
917 2987 1024 3085 egeri.
1054 2985 1146 3062 Cum

84 3104 172 3181 ergo
190 3084 341 3180 dicitur,
368 3086 449 3176 quia
459 3112 535 3158 raro·
543 3106 663 3183 pugnat
677 3090 824 3173 adversus
840 3094 986 3179 spiritum
996 3140 1005 3165 ,
1032 3085 1084 3161 ita
1095 3087 1148 3161 in·

84 3184 253 3279 tellignnt
269 3182 352 3275 isti,
379 3187 459 3278 quia
476 3186 577 3282 usus,
604 3191 667 3263 vel
685 3189 889 3281 necesitas,
916 3189 978 3265 vel
996 3184 1147 3260 deleba-

18 3358 22 3373 ,
83 3296 244 3357 mentum
267 3286 380 3357 carnis
404 3306 612 3381 provocans
636 3288 819 3364 hominem
839 3285 1008 3365 abstrahit
1031 3286 1065 3360 δι
1087 3284 1147 3359 ab·

86 3379 186 3455 ducit
201 3403 221 3456 a
237 3382 388 3474 divinis,
416 3384 673 3477 &spiritalibus
685 3388 804 3463 rebus.
853 3386 925 3463 Pro
943 3384 1150 3461 necessitate

87 3479 222 3553 etenim
239 3484 404 3576 corporis
423 3483 601 3578 abibant,
629 3487 758 3560 divinis
775 3486 809 3559 ἂ
825 3485 861 3558 in
876 3500 1049 3563 aeternum
1063 3504 1148 3576 pro·

86 3578 216 3653 suturis
237 3580 344 3651 rebus
363 3603 492 3657 vacare
505 3605 581 3659 non
600 3584 752 3675 sinimur.
803 3585 862 3659 Sic
881 3582 998 3659 rursus
1016 3584 1146 3658 dit-inis

89 3674 357 3769 &spiritalibus
377 3683 492 3755 anima
516 3706 675 3776 vacans,
712 3686 746 3759 δι
769 3684 905 3777 spiritui
932 3681 1146 3775 conjubila,

88 3778 294 3872 impugnare
314 3776 443 3854 dicitur
460 3803 629 3876 emnem,
657 3785 738 3859 dum
758 3783 891 3860 resolvi
911 3804 989 3859 earn
1011 3781 1147 3857 deliciis

59 3896 155 4000 non
169 3877 276 3977 sarit,
312 3876 618 3983 &voluptatibus
635 3882 809 3979 buitareg
830 3883 957 3979 quibus
980 3880 1148 4051 natprali·

48 3997 51 4004 ·
1068 3998 1110 4052 er
