2498 4254
238 109 316 189 oe
364 74 724 209 rainerium
754 76 996 193 tra.1v.'
1061 130 1145 217 aar<
1235 48 1239 55 ⁸

70 258 511 369 titi.debeat,'dooemur.
560 274 669 368 Apud
681 270 914 349 Salomonem
927 278 1130 373 invenimus

66 379 109 461 in
130 376 339 451 Proverbiis
358 377 430 449 tale
452 374 583 467 aliquid
605 372 801 455 de-divinae
813 372 995 471 scripturae
1011 376 1131 455 obser

69 480 195 551 vantia
212 475 369 569 praecipi.
431 474 560 561 Etru,
584 473 722 569 inquit,
746 478 875 569 describe
897 481 959 549 cibi
981 481 1043 549 baec
1069 488 1133 553 tri·

61 579 194 676 pliciter
212 579 387 672 iri-*conflixi
400 570 439 649 (5
448 576 604 666 scicntia,
630 573 666 651 θ
681 593 719 645 ut
738 579 918 671 respondeas
931 580 1027 648 verbu
1042 586 1132 653 oeri-

65 684 150 749 ratis
168 678 220 747 bis
236 684 291 773 qm·
309 678 525 771 proposuerint
547 677 620 745 ciii.
671 675 881 768 'l'ripliciter
897 694 985 773 ergo
1004 679 1131 755 descri-

65 776 154 853 bere
175 789 329 871 oportet
346 796 384 847 m
401 775 516 848 anima
533 772 593 847 sua
613 792 901 869 unumquemque
926 778 1129 855 divinarum

65 876 338 971 intelligentiam
361 875 568 966 literarum,
601 872 638 946 id
661 870 712 947 est
737 889 780 947 ut
798 875 1028 969 simpliciores
1052 880 1128 970 qui-¹

67 996 138 1066 que
165 970 386 1046 edificentur
410 974 454 1046 ab
474 970 580 1067 ipso,
620 986 662 1043 ut
683 975 734 1047 ita
755 973 932 1067 dixerim,
967 996 1129 1069 corpore,

66 1074 340 1167 scriptutarum:
366 1073 412 1145 sic
427 1076 521 1145 enim
535 1074 750 1166 appellamus
767 1093 993 1151 communem
1008 1078 1126 1173 istum,

67 1173 103 1245 bc
116 1173 330 1247 historialem
340 1172 579 1259 intelletlum3
604 1172 629 1244 st
647 1172 707 1264 qui
723 1192 815 1245 vero
829 1176 1047 1266 aliquantum
1052 1179 1128 1270 jam

64 1268 247 1367 proficere
271 1286 489 1366 coeperunt,
522 1270 556 1343 bc
577 1270 724 1363 possunt
750 1274 899 1365 amplius
921 1276 1051 1367 aliquid
1073 1277 1126 1351 in·

65 1375 189 1463 tueri,
215 1369 259 1443 ab
277 1372 350 1463 ipsa
365 1370 544 1464 scriptura
561 1371 677 1445 anima
688 1369 931 1462 aedificentur3
958 1376 1020 1466 qui
1032 1396 1126 1451 vero

63 1468 214 1565 perfecti
232 1468 312 1543 sunt
330 1520 343 1563 ,
370 1469 405 1542 &
427 1471 554 1545 similes
570 1470 625 1543 his
648 1469 837 1563 dequibus
856 1472 1057 1565 Apostolus
1075 1476 1125 1549 di·

64 1570 137 1643 cit:
170 1575 368 1668 Sapientiam
388 1589 493 1641 autem
510 1573 668 1667 loquimur
695 1592 784 1643 inter
801 1572 976 1669 perficias,
997 1594 1125 1672 jopen·

62 1680 146 1743 tiam
165 1690 269 1740 autem
287 1696 355 1741 uon
371 1671 472 1769 hujus
491 1674 604 1741 mundi
620 1722 630 1756 ‚
657 1694 754 1769 neque
763 1680 942 1768 principum
958 1678 1055 1768 iujai
1071 1676 1125 1760 [αι

61 1773 126 1841 culi
145 1776 203 1867 qui
217 1770 436 1867 destruentur:
461 1773 511 1857 led
527 1771 685 1866 loquimur
705 1774 771 1843 Dei
784 1775 977 1865 sapientiam
1000 1784 1038 1845 in
1057 1800 1123 1871 my·

51 1872 150 1970 fieriu
160 1870 382 1960 absconditam,
407 1891 498 1966 quam
508 1871 745 1965 pradestinavit
766 1876 849 1941 Deus
866 1891 942 1943 ante
956 1875 1068 1962 secuta
1084 1884 1124 1949 in

57 1973 192 2064 gloriam
205 1970 364 2064 nostram,
390 1966 428 2043 hi
445 1967 534 2041 tales
549 1965 593 2041 ab
611 1968 683 2061 ipsa
698 1966 841 2063 spiritali
856 1970 937 2067 lege
953 1994 1031 2063 quae
1047 1994 1125 2049 um·

59 2067 162 2143 bram
180 2068 289 2143 habet
313 2067 518 2143 futurorum
538 2067 742 2162 bonorum,
774 2084 940 2161 tanquam
962 2072 1123 2165 aspiritu

59 2165 292 2244 aedificentur.
345 2166 446 2241 Sicut
477 2186 565 2264 ergo
588 2168 701 2241 homo
731 2169 895 2243 constare
918 2173 1047 2243 dieitur
1074 2196 1123 2249 ex

60 2286 238 2361 corpore,
266 2267 455 2361 besprim,
481 2268 530 2341 ita
549 2268 655 2341 etiam
671 2266 788 2343 sanila
799 2266 970 2362 scriptura·
985 2294 1061 2363 que
1076 2269 1122 2349 ad

59 2369 246 2442 hominum
257 2367 402 2441 salutem
413 2366 535 2439 divina
544 2368 735 2463 largitione
746 2369 981 2445 concessaest.
1008 2370 1125 2473 Quod
1179 2442 1183 2449 .

61 2487 132 2542 nos
155 2469 262 2541 etiam
282 2470 320 2540 in
341 2467 464 2541 libello
486 2466 661 2562 Pastoris,
697 2469 757 2561 qui
777 2490 798 2542 a
818 2472 1001 2543 nonnullis
1032 2494 1120 2547 con·

958 2572 1071 2647 temni

280 2720 711 2802 Inrrnirarario
746 2746 895 2804 novi.

55 2869 218 2943 umbram
235 2865 391 2941 habente
406 2864 610 2940 futurorum
632 2868 823 2943 bonorum.
874 2866 928 2941 Ut
944 2865 1036 2941 enim
1051 2866 1118 2943 ho·

54 2991 118 3045 mo
138 2964 278 3041 constat
294 2986 473 3060 corpore,
499 2968 635 3057 anima,
656 2966 691 3039 bc
711 2964 857 3062 spiritu,
889 2970 938 3039 ita
959 2967 992 3040 bc
1014 2970 1116 3063 scrip·

53 3080 136 3141 tura
150 3088 228 3159 quae
243 3066 365 3139 divina
380 3063 638 3163 dispensatione
650 3067 687 3139 in
699 3068 885 3141 hominum
898 3062 1044 3147 salutem
1059 3066 1121 3151 dm

54 3181 94 3240 ta
123 3167 185 3243 est.
243 3162 399 3239 Proinde
424 3186 493 3239 uos
518 3168 616 3257 quod
642 3167 773 3239 dicitur
800 3168 838 3239 in
861 3166 954 3239 libro
985 3169 1119 3259 quiin·

53 3263 219 3340 scribitur
257 3262 380 3339 Pastor
413 3262 448 3337 &
480 3284 500 3337 a
531 3266 713 3337 nonnullis
747 3269 993 3339 contemnitur
1024 3266 1120 3341 Hera

53 3386 120 3441 mae
147 3371 360 3461 imperatum
390 3360 459 3439 eise
480 3378 522 3437 ut
544 3364 638 3439 duos
658 3364 772 3449 libros
795 3360 964 3441 scriberet
984 3386 1025 3439 cc
1048 3388 1120 3461 poe

50 3465 126 3539 stea
138 3467 361 3559 presbyteris
382 3465 537 3539 ecclesia
557 3468 789 3539 annunciaret
803 3484 880 3556 quae
904 3465 1075 3539 didicerat
1094 3488 1119 3541 a·

51 3560 201 3660 spiritu,
228 3566 271 3639 ad
296 3569 392 3637 hunc
415 3564 563 3663 modum
583 3568 808 3658 exponimus.
859 3564 917 3637 Sic
933 3582 1051 3639 autem
1070 3565 1120 3641 ad-

50 3664 207 3743 verbum
221 3665 371 3762 legitur:
401 3678 490 3736 burs
507 3668 602 3735 libras
611 3667 745 3757 scribes,
771 3664 914 3755 dabisque
931 3696 993 3730 uia
1008 3698 1025 3731 ..=
1049 3684 1115 3735 tae-

49 3772 154 3840 mmtt'
177 3768 217 3849 6
240 3770 375 3843 dierum
399 3760 545 3865 Graptat
572 3770 752 3864 &Grani
767 3769 890 3867 quidem
916 3766 1119 3853 tammmacbist

947 3884 1099 3937 uiuum·
